3474 5812
489 496 539 545 un
557 494 766 546 nvnunrnvs
784 494 1036 547 nrnrrhrnsvs.
1353 478 1423 548 357

100 599 217 607 ——--—-

65 653 81 700 ⁴
185 672 231 729 18.
264 670 300 728 1..
324 667 464 728 Cornelio
486 668 521 726 L.
544 669 564 726 f.
587 669 745 727 Honorato
768 669 854 729 vexil.
879 668 1069 746 (centuriae),
1096 673 1123 722 in
1147 687 1197 722 rina
1223 688 1256 723 ex
1279 673 1428 723 cohortibus

100 776 213 839 vigilum.
244 792 268 839 p.
283 775 312 824 C.
328 774 389 823 203.
429 772 458 822 Ο.
472 774 520 834 VI,
542 775 603 822 220.

67 870 79 908 t
185 867 231 924 19.
267 882 334 923 vex.
358 865 386 922 in
409 862 570 938 (centuria)
594 860 665 922 Sex.
689 862 784 922 Iulius
808 863 910 922 Trom.
934 861 1073 923 Clemens
1097 862 1316 941 Vet(nloniol),
1339 869 1366 917 in
1386 883 1427 918 co-

100 971 173 1020 horte
188 972 211 1019 V
226 970 339 1035 vigilum.
368 985 394 1033 p.
408 967 438 1017 C.
455 966 515 1018 113.
554 968 584 1018 C.
598 970 645 1029 VI,
666 970 728 1017 221.

70 1061 86 1109 f
183 1060 231 1118 20.
266 1058 301 1118 C.
324 1058 455 1117 Manlius
472 1057 582 1118 Vitalis
605 1058 780 1117 vexillarius
804 1058 965 1136 (centuria)
988 1060 1101 1131 eadem,
1124 1078 1159 1112 sc.
1175 1062 1287 1112 Alinnse
1299 1062 1382 1113 Firmi
1401 1063 1428 1113 in

100 1165 158 1215 coh.
177 1165 206 1214 11
225 1166 275 1230 vig.
314 1163 406 1225 (hVI,
427 1163 507 1215 2965.

99 1254 206 1333 Neque
229 1254 340 1325 dubito,
363 1254 434 1330 quin
457 1253 559 1312 eodem
582 1253 756 1312 referendus
779 1257 818 1312 sit

84 1357 117 1419 v*
185 1357 233 1415 21.
266 1359 305 1417 A.
329 1354 447 1417 Satrius
470 1356 599 1416 Urbicus
620 1356 797 1415 vexillarius
817 1354 978 1433 (centuria)
994 1357 1145 1434 Pomponi
1160 1356 1248 1416 domo
1263 1356 1427 1417 Florentia.

101 1464 193 1525 QVI,
214 1465 275 1513 617.

99 1552 180 1612 Nam
203 1552 260 1612 etsi
283 1573 320 1611 ex
342 1555 409 1629 ipso
431 1552 517 1611 titulo
540 1551 673 1630 intellegi
696 1570 754 1612 non
776 1561 889 1629 potest,
918 1560 1017 1611 utrum
1041 1550 1159 1613 Satrius
1186 1553 1258 1630 vIgil
1280 1554 1369 1613 fuerit
1390 1574 1428 1614 an

101 1656 186 1715 miles
208 1655 338 1714 cohortis
365 1655 491 1713 alicuius
517 1656 683 1731 praetoriae
709 1663 760 1713 aut
786 1655 925 1726 urbanae,
952 1665 1051 1715 tamen
1077 1655 1155 1715 infra
1180 1655 1430 1716 demonstrabitur

99 1760 131 1817 in
154 1760 200 1817 his
223 1758 398 1817 vexillarios
420 1758 619 1816 centuriarum
646 1777 705 1816 non
732 1758 834 1817 fuisse.
878 1758 966 1818 Unde
988 1760 1145 1836 apparebit
1169 1777 1273 1835 parum
1295 1768 1377 1818 recto
1398 1761 1429 1819 in

100 1859 170 1920 (1.1.
187 1861 222 1919 L.
247 1871 419 1919 annotatum
442 1878 523 1919 esse:
546 1857 656 1932 ‘miles
680 1869 713 1919 ut
730 1861 854 1934 videtur,
876 1863 1084 1939 praetorianus
1100 1862 1146 1920 vei
1163 1863 1303 1933 urbanus,
1326 1873 1429 1940 utpote

100 1964 174 2023 civis
190 1963 344 2022 Romanus
361 1963 531 2022 Florentiae
546 1959 651 2022 nutus‘.
681 1961 809 2021 Constat
823 1964 899 2021 enim
915 1965 1004 2023 etiam
1018 1965 1096 2022 iuter
1111 1964 1217 2040 vigiles
1232 1965 1311 2024 cives
1327 1965 1428 2024 fuisse.

184 2065 298 2140 Quodsi
313 2065 393 2125 XXI
405 2065 551 2140 exemplis
567 2066 772 2124 confirmatum
789 2073 835 2124 est
849 2067 929 2142 apud
944 2067 1051 2145 vigiles
1068 2067 1196 2146 singulis
1211 2068 1353 2126 centuriis
1369 2068 1430 2127 sin-

100 2170 188 2247 gulos
211 2169 385 2227 vexillarios
408 2168 577 2244 adscriptos
600 2169 708 2240 fuisse,
733 2168 807 2227 haec
834 2168 884 2228 lex
911 2169 1032 2245 infringi
1058 2187 1119 2227 non
1141 2178 1240 2246 potest
1260 2171 1303 2229 eis
1325 2171 1429 2247 paucis

99 2271 265 2347 lapidibus,
294 2273 344 2348 qui
367 2291 420 2348 per
442 2289 474 2329 se
496 2271 601 2329 incerti
623 2280 706 2341 sunt,
734 2272 846 2349 quippe
864 2272 895 2329 iu
917 2273 1025 2348 quibus
1049 2271 1197 2331 vexillarii
1221 2273 1353 2332 cohortis
1376 2273 1430 2331 ali·

101 2375 186 2432 cuius
209 2374 332 2451 vigilum
354 2381 621 2432 commemorentur
642 2393 701 2432 non
723 2373 826 2432 addita
847 2375 993 2433 centuria:

71 2480 85 2514 υ
185 2475 233 2535 81.
268 2475 302 2533 L.
328 2474 454 2534 Cusurio
476 2474 594 2534 Dextro
617 2475 776 2534 vexillaris
799 2477 863 2534 coh.
886 2477 918 2534 ll
941 2477 1000 2553 vig.
1043 2479 1191 2541 V1‚2ses.

69 2592 85 2626 V
186 2580 233 2637 23.
272 2578 311 2636 M.
334 2578 485 2637 Munatius
512 2579 553 2636 M.
576 2579 595 2635 f.
618 2579 716 2638 Fabia
737 2578 889 2638 Priminus
911 2579 1077 2656 vexil(l)ar.
1101 2581 1167 2638 coh.
1188 2580 1215 2638 V
1234 2580 1319 2657 vi[g].
1343 2580 1430 2641 Sere-

101 2681 244 2757 rian(a)e,
266 2681 319 2757 qui
341 2679 445 2756 vix(it)
468 2700 535 2739 ann.
552 2679 691 2739 XXVIII
714 2681 791 2740 dieb.
811 2680 984 2741 XXVIIII.
1026 2685 1150 2735 Puteolis.
1184 2685 1220 2746 X,
1236 2687 1305 2735 1767
1318 2705 1351 2726 =
1366 2686 1387 2735 1.
1399 2687 1430 2736 R.

101 2786 135 2836 N.
153 2786 232 2836 2860.

86 2911 104 2944 ν
187 2875 234 2933 84.
269 2875 306 2934 T.
330 2873 475 2935 Sallustio
499 2875 649 2953 Agathoni
672 2875 773 2934 vexill.
794 2875 977 2955 coh.Vvig.
1022 2881 1169 2941 V1,2ss1.

95 3020 108 3040 .
187 2977 236 3038 25.
270 2976 307 3051 Q.
330 2978 427 3036 Iulius
451 2976 488 3052 Q.
510 2978 531 3036 f.
549 2976 678 3037 Galatus
693 2977 834 3055 Thysdro
857 2978 918 3036 mil.
943 2979 1008 3037 coh.
1025 2977 1071 3037 VI
1086 2979 1166 3055 vigil.
1190 2979 1350 3056 (centuria)
1367 2981 1429 3040 Lu-

101 3086 168 3139 cani
190 3081 348 3157 Augurini.
373 3081 460 3139 milit.
483 3099 549 3138 ann.
566 3079 655 3153 MV,
676 3083 708 3138 in
730 3081 774 3139 eis
797 3091 917 3139 secutor
939 3082 1047 3140 tribuni
1070 3100 1138 3140 aun.
1161 3082 1202 3155 11,
1225 3083 1431 3143 beneficiarius

102 3184 236 3243 eiusdem
258 3183 384 3254 anull,
406 3183 581 3241 vexillarius
604 3203 671 3241 ann.
687 3183 747 3252 1113
771 3184 830 3241 vix.
855 3203 922 3240 ann.
939 3183 1102 3242 XXXVII.
1127 3217 1164 3226 —
1189 3187 1218 3237 C.
1233 3188 1279 3248 VI,
1301 3189 1380 3239 2987.

104 3285 245 3363 Signiferi
266 3286 385 3361 quidem
409 3285 558 3362 legIonum
581 3294 610 3344 et
632 3285 742 3344 similia
763 3304 907 3362 persaepe
928 3286 1076 3361 leguntur,
1098 3287 1129 3343 iu
1151 3285 1259 3362 quibus
1282 3298 1334 3346 aut
1351 3289 1429 3366 legio

102 3400 155 3446 aut
176 3389 282 3447 cohors
310 3398 362 3446 aut
387 3387 450 3461 ala,
477 3388 508 3445 in
534 3406 595 3463 qua
621 3389 689 3464 quis
717 3387 866 3463 stipendia
891 3388 1007 3459 fecerit,
1034 3399 1291 3462 commemoratur,
1319 3392 1372 3450 sed
1394 3393 1432 3449 ud

103 3510 209 3551 munus
235 3491 334 3569 ipsum
360 3490 527 3549 accuratius
550 3489 749 3549 definiendum
778 3510 837 3549 nou
864 3491 999 3567 pertinet.
1045 3489 1161 3549 Tamen
1182 3502 1264 3550 certo
1286 3492 1432 3552 diudicari

102 3614 163 3653 nou
190 3601 303 3670 potest,
333 3600 430 3651 utrum
459 3601 601 3668 quattuor
629 3592 775 3652 vexillarii
801 3595 888 3651 modo
914 3593 1060 3652 nominati
1085 3594 1172 3670 signa
1198 3594 1362 3654 cohortium
1394 3616 1432 3654 an

102 3696 300 3756 centuriarum
325 3697 483 3772 gesserint.
528 3694 702 3755 Cohortium
730 3697 807 3754 enim
835 3697 922 3773 signa
947 3696 1027 3773 apud
1054 3695 1158 3772 vigiles
1185 3705 1237 3755 aut
1259 3697 1343 3756 nulla
1370 3699 1431 3758 fue·

102 3808 187 3871 runt,
214 3799 293 3875 qnod
320 3798 393 3856 mihi
419 3797 536 3874 quidem
565 3798 748 3874 probabilius
776 3800 903 3871 videtur,
933 3807 984 3857 aut
1009 3820 1028 3856 a
1054 3799 1219 3858 vexillariis
1245 3800 1432 3876 gerebantur.

101 3902 252 3979 Vigilibus
275 3902 364 3959 etiam
386 3901 600 3960 adscribendus
621 3902 738 3977 estqui
761 3902 909 3978 sequitur:

70 4026 85 4066 v
187 4003 235 4063 26.
271 4023 337 4062 vex.
360 4003 395 4060 L.
418 4002 562 4062 Locerius
584 4003 621 4062 L.
644 4005 664 4061 f.
688 4003 763 4062 Fab.
787 4002 975 4063 Constitutus
997 4003 1165 4074 Volaterra,
1197 4008 1245 4069 VI,
1267 4007 1328 4070 215,

102 4126 190 4185 quem
212 4107 434 4184 praetorianum
456 4105 550 4165 fuisse
572 4115 693 4183 propter
715 4106 824 4179 locum,
853 4125 911 4183 quo
938 4106 1043 4165 titulus
1068 4115 1204 4181 repertus
1230 4116 1288 4177 est,
1314 4106 1432 4167 Keller·

103 4228 231 4269 mannus
253 4209 378 4287 putavit.
424 4210 466 4266 At
488 4208 638 4267 vexillarii
659 4229 676 4268 e
698 4209 869 4268 cohortibus
896 4209 1055 4286 praetoriis
1082 4209 1196 4267 nullum
1224 4210 1305 4267 aliud
1332 4230 1433 4270 exem-

102 4309 223 4392 plum¹)
254 4320 361 4370 exstat.
405 4310 446 4368 Et
468 4312 627 4387 quominus
655 4311 733 4370 hunc
759 4312 947 4370 vexillarium
974 4311 1082 4370 vexillo
1109 4311 1198 4369 alicui
1224 4319 1433 4372 veteranorum

104 4424 154 4475 aut
177 4416 301 4472 militurn
325 4413 581 4490 praetorianorum
600 4424 652 4471 aut
665 4414 834 4472 interfuisse
849 4421 900 4472 aut
915 4414 1081 4489 praefuisse
1096 4413 1311 4487 existimemus,
1334 4417 1435 4474 obstat

103 4517 182 4594 quod
206 4516 367 4594 opponitur
389 4515 545 4574 vexillario
571 4515 652 4591 optio
679 4526 708 4574 et
734 4516 814 4592 quod
839 4516 869 4573 in
896 4516 970 4592 ipsis
996 4515 1102 4575 castris
1129 4518 1286 4591 praetoriis
1309 4518 1432 4576 vexilla·

104 4621 178 4679 tioni
205 4619 330 4677 militum
357 4620 443 4677 locus
471 4636 538 4678 esse
564 4639 624 4678 non
651 4619 757 4695 potuit.
811 4619 951 4690 Accedit,
981 4619 1060 4694 quod
1086 4618 1291 4678 Mommsenus
1318 4621 1434 4678 monuit

103 4723 225 4799 vigilum
254 4722 405 4780 cohortem
433 4720 592 4779 secundam
617 4730 716 4780 castra
737 4722 877 4780 habuisse
899 4722 930 4779 in
952 4720 1096 4797 Esquiliis
1118 4739 1178 4779 non
1200 4721 1288 4800 longe
1311 4742 1329 4780 a
1349 4742 1433 4800 prae-

104 4825 188 4883 toriis
210 4824 328 4900 (Rossi,
351 4843 417 4881 ann.
441 4823 510 4882 inst.
534 4824 614 4883 arch.
640 4823 729 4894 1858,
751 4843 779 4899 p.
795 4821 854 4882 278
870 4824 958 4898 seq).

105 4996 308 5003 m*-

204 5099 227 5167 ¹)
259 5102 325 5152 Nam
346 5104 451 5152 'l‘acitus
471 5103 538 5166 quod
560 5102 616 5152 hist.
632 5104 651 5162 l,
674 5102 706 5151 41
727 5102 836 5152 Atilium
853 5102 1036 5167 Vergilionem,
1056 5103 1099 5168 qui
1118 5104 1219 5168 signum
1239 5103 1352 5154 cohortis
1371 5104 1432 5156 Gal·

108 5194 167 5245 bam
187 5195 323 5246 comitatae
344 5196 437 5256 tulerit,
459 5196 620 5245 vexillarium
639 5195 709 5257 dicit,
731 5196 814 5246 miuus
833 5204 950 5246 accurate
969 5197 1068 5247 locutus
1088 5211 1142 5246 esse
1160 5195 1289 5261 putandus
1308 5203 1352 5246 eat.
