3474 5812
489 531 790 586 ossuuvnriouus
808 528 1090 584 uercnnrurcsu.
1378 511 1448 582 539

210 707 329 786 Lingua
350 708 555 784 formulasque
576 706 721 784 quaedam
743 706 853 765 habeut
873 724 956 777 rara,
978 705 1123 782 quaedam
1146 703 1234 763 etiam
1255 703 1340 762 mira.
1370 703 1452 761 Mili·

128 814 178 869 ts'es
206 829 330 883 novum,
358 809 411 869 sed
437 829 498 869 non
519 810 616 887 magis
643 809 799 868 molestum
826 815 886 880 est,
912 826 1001 884 quam
1028 809 1168 866 amicitior
1189 813 1219 864 et
1238 808 1351 865 notities
1372 805 1453 881 apud

126 911 314 985 Lucretium,
347 916 485 972 avarities
516 912 668 971 titulorum
698 910 838 989 supparis
864 908 969 968 aetatis
995 909 1090 967 voli
1117 907 1368 967 n.1011.1459.
1410 909 1454 966 At

126 1016 316 1075 vehementer
330 1015 454 1074 offendit
467 1013 546 1091 quod
561 1015 691 1073 houores
712 1030 873 1072 recensens
895 1013 921 1070 is
944 1011 1028 1070 cuius
1050 1019 1273 1071 monumentum
1295 1017 1342 1068 est
1356 1010 1453 1086 prima

126 1134 256 1193 persona
275 1119 319 1176 ita
339 1118 441 1188 utitur,
464 1125 496 1175 ut
516 1117 649 1176 narratio
669 1115 847 1192 implicetur,
870 1114 966 1173 oratio
980 1131 1039 1171 non
1055 1114 1217 1185 efficiatur3
1239 1112 1324 1172 cuius
1338 1111 1452 1172 formae

126 1220 272 1278 sermonis
304 1220 430 1279 alterum
458 1220 626 1295 exemplum
655 1237 714 1277 nou
743 1217 840 1277 habeo
868 1215 949 1293 quod
975 1202 1100 1294 pon'am,
1132 1234 1187 1273 uec
1213 1215 1397 1275 crediderim·
1411 1215 1453 1274 ita

126 1340 303 1398 quemquam
332 1323 499 1381 locuturam
529 1322 624 1381 fuisse
651 1320 709 1379 uisi
735 1319 922 1398 peregrinum
948 1316 1049 1376 Latini
1082 1317 1229 1378 sermonis
1260 1335 1317 1376 usu
1347 1336 1452 1394 parum

107 1419 281 1483 'imbutum
326 1424 409 1484 Ordo
435 1442 571 1502 quoque,
599 1441 660 1499 quo
687 1423 817 1481 honores
844 1429 1069 1493 enumerantur,
1097 1420 1250 1480 titulorum
1276 1420 1451 1480 Latinorum

125 1528 282 1605 Augustae
310 1527 416 1586 aetatis
445 1524 596 1586 severitati
622 1543 808 1602 nequaquam
835 1522 1005 1601 respondet.
1049 1525 1092 1582 At
1117 1535 1151 1583 ut
1175 1523 1249 1581 haec
1275 1522 1352 1582 levia
1372 1533 1451 1596 sunt,

125 1630 167 1687 ita
188 1649 264 1706 quae
285 1631 316 1689 in
338 1630 396 1688 fine
418 1629 528 1708 legitur
548 1628 677 1687 formula
698 1625 775 1704 ls(oc)
797 1625 1028 1703 romanatum)
1050 1625 1176 1702 amplius
1191 1625 1345 1701 ls(eredem)
1367 1625 1451 1702 u(oa)

125 1730 283 1808 a(equetur)
316 1739 368 1790 aut
398 1732 529 1791 caecutio
561 1750 617 1808 ego
647 1741 700 1789 aut
724 1729 883 1788 caecutivit
907 1730 960 1806 qui
986 1729 1119 1788 dictavit.
1175 1727 1261 1787 Haec
1287 1729 1364 1786 enim
1391 1728 1452 1787 for-

125 1835 207 1892 mula
228 1852 295 1893 cum
317 1853 382 1893 eam
406 1835 465 1893 vim
487 1834 604 1905 habeat,
631 1840 664 1891 ut
689 1830 840 1890 successio
861 1831 892 1890 in
913 1840 1136 1890 monumentum
1158 1850 1177 1889 a
1199 1831 1388 1891 successione
1408 1830 1453 1889 rei

124 1935 281 1995 familiaris
310 1945 482 1996 secernatur
506 1936 724 2012 heredibusque
751 1933 935 1993 substantiae
961 1935 1065 2012 procul
1091 1913 1202 1993 habitis
1229 1939 1451 1993 monumentum

123 2037 256 2098 familiae
278 2039 429 2097 nominive
450 2037 581 2097 defuncti
604 2044 781 2110 reservetur,
808 2036 839 2093 id
861 2035 941 2112 quod
964 2037 1103 2095 inseritur
1124 2037 1249 2113 amplias
1270 2054 1329 2095 non
1353 2036 1451 2095 solum

124 2150 287 2217 praeterea,
310 2141 341 2199 ui
362 2141 462 2211 fallor,
485 2141 549 2200 siue
570 2140 708 2216 exemplo
731 2148 786 2211 est,
814 2137 979 2197 sedetiam
1001 2148 1105 2198 contra
1126 2139 1272 2198 rationem
1294 2139 1450 2210 adiectum,

124 2261 193 2301 nam
218 2243 296 2318 quod
319 2244 439 2320 proprie
466 2243 617 2321 siguificat
641 2241 801 2300 heredibus
825 2240 856 2298 in
882 2240 1074 2318 praeteritum
1098 2242 1144 2300 ius
1169 2241 1200 2300 in
1227 2250 1450 2300 monumentum

123 2344 228 2417 fuisse,
244 2344 303 2402 iam
319 2364 389 2403 vero
405 2344 447 2402 eis
462 2344 564 2417 adimi,
586 2345 628 2402 ita
648 2345 780 2419 ineptum
802 2353 850 2402 est
868 2352 901 2401 ut
916 2343 991 2402 nibil
1006 2361 1107 2422 supra.
1142 2341 1229 2418 Quod
1244 2344 1271 2402 si
1286 2343 1343 2402 hoc
1356 2343 1452 2401 voluit

124 2446 203 2504 tituli
221 2448 349 2522 scriptor
371 2457 603 2518 monumentum,
625 2465 664 2505 ex
679 2464 739 2522 quo
757 2445 880 2504 condita
894 2445 934 2504 ibi
950 2445 1009 2505 sint
1023 2464 1149 2522 corpora
1163 2446 1231 2518 duo,
1254 2446 1313 2505 iam
1336 2445 1450 2505 adrem

122 2550 187 2608 eius
208 2550 260 2626 qui
282 2551 352 2609 fecit
373 2550 521 2628 pertinere
542 2548 677 2608 desinere
698 2557 729 2606 et
749 2546 870 2607 diversa
891 2547 956 2625 lege
977 2548 1107 2625 posteris
1130 2549 1161 2607 in
1182 2548 1213 2607 id
1230 2549 1277 2607 ius
1299 2566 1378 2622 esse,
1400 2566 1449 2608 sa-

122 2671 190 2710 nam
212 2654 422 2729 cogitationem
444 2651 625 2710 enuntiando
647 2652 691 2709 ita
711 2650 867 2726 pervertit,
894 2659 928 2708 ut
949 2650 1059 2708 dictum
1081 2649 1331 2709 Trimalchionem
1352 2651 1451 2726 sapiat

123 2753 170 2811 vel
193 2763 225 2812 ut
246 2755 347 2814 mitius
374 2756 470 2813 dicam
497 2753 699 2830 peregrinum,
732 2772 801 2811 nam
828 2752 927 2811 alicua
946 2751 1050 2830 lingua
1074 2751 1231 2828 loquentes
1253 2750 1450 2811 Trimalchio·

122 2855 251 2914 nismum
277 2858 329 2916 vix
361 2857 515 2933 effugiunt.
562 2855 671 2914 Potest
701 2855 771 2913 item
800 2853 851 2930 qui
880 2854 1002 2932 scripsit
1030 2855 1140 2913 abusus
1167 2870 1234 2912 esee
1262 2853 1392 2913 formula
1419 2873 1450 2911 eo

123 2959 258 3033 amplius,
282 2959 394 3034 quain
416 2958 603 3017 testamentis
625 2956 726 3034 capita
746 2957 885 3033 coniungi
907 2956 1059 3028 solebaut;
1084 2963 1162 3014 certe
1183 2963 1264 3015 recte
1285 2955 1374 3015 scribi
1397 2974 1450 3032 po-

123 3059 177 3117 tuit
199 3070 225 3118 et
246 3079 276 3119 eo
298 3061 423 3138 amplius
444 3059 666 3130 1111011111υοὶ0,
692 3059 745 3118 hoc
764 3067 969 3118 munumentum
992 3059 1118 3118 heredem
1138 3077 1173 3116 ne
1194 3069 1337 3135 sequatur.
1374 3056 1451 3117 Utut

123 3162 160 3218 de
185 3161 243 3220 hac
271 3162 400 3222 formula
426 3162 621 3236 iudicabitur,
651 3180 698 3219 res
724 3179 799 3238 quae
828 3162 859 3220 in
886 3161 972 3221 titulo
997 3162 1152 3221 traduntur
1178 3159 1261 3219 nulla
1287 3161 1356 3220 iude
1381 3159 1449 3218 labe

123 3263 301 3323 afficiuntur.

205 3367 234 3424 A
256 3368 444 3443 praefectura
471 3367 589 3425 fabrum
615 3375 648 3425 ut
674 3365 865 3442 incipiamus,
893 3385 982 3443 quam
1011 3375 1076 3425 uate
1101 3366 1227 3426 militiam
1253 3365 1395 3425 habuisse
1414 3383 1448 3424 se

124 3465 278 3529 Secundus
301 3470 414 3544 scribit,
436 3470 467 3529 id
487 3469 569 3547 quod
591 3469 675 3528 addit
695 3469 875 3546 praefectum
899 3486 932 3528 se
953 3488 972 3527 a
995 3471 1102 3529 duobus
1124 3469 1285 3529 causalibus
1307 3469 1349 3528 ad
1360 3486 1445 3526 aera-

122 3574 197 3630 rium
211 3574 336 3632 delatum
350 3592 410 3632 esse
430 3573 474 3631 ita
494 3571 565 3631 alibi
587 3572 675 3643 redit,
697 3580 729 3630 ut
749 3572 807 3630 hoc
826 3571 890 3631 solo
905 3572 995 3630 titulo
1016 3572 1106 3649 pleua
1127 3581 1157 3630 et
1177 3571 1333 3632 sollemnis
1354 3570 1448 3629 officii

122 3674 329 3734 determinatio
349 3676 515 3753 reperiatur
532 3675 563 3733 iu
582 3674 707 3750 reliquis
722 3674 959 3751 breviloquentia
976 3673 1133 3734 commoda
1146 3674 1242 3751 magia
1256 3692 1346 3751 quam
1366 3673 1448 3732 iusta

121 3778 288 3837 obscurata.
324 3776 404 3837 Nam
427 3796 493 3836 cum
516 3795 554 3835 ex
576 3777 747 3836 auctoribus
769 3784 871 3835 uotum
898 3777 937 3835 sit
961 3776 1143 3855 praefectum
1168 3776 1286 3836 fabrum
1307 3775 1351 3834 ita
1369 3775 1446 3845 fieri,

122 3887 155 3936 ut
171 3879 353 3940 destinatum
372 3879 479 3939 consul
498 3889 654 3956 praetorve
669 3897 704 3937 eo
719 3878 837 3937 nomine
853 3878 890 3937 ad
907 3880 1053 3938 1011111111
1071 3875 1234 3954 deferat¹)‚
1255 3878 1335 3937 tituli
1351 3877 1447 3937 adhuc

121 3982 184 4040 uoti
205 3983 247 4040 ita
267 3982 298 4041 id
320 3982 457 4055 efferunt,
479 3991 513 4041 ut
533 3981 574 4041 sit
591 3983 756 4058 praefectae
770 3982 890 4057 fabrum
910 3999 930 4038 c
945 3981 1116 4058 co'(n)s(ale)
1139 3981 1267 4041 adlectus
1285 3980 1334 4038 vel
1349 3981 1445 4057 praes.

113 4083 194 4157 fabr.
211 4086 331 4144 donatas
352 4104 371 4143 a
393 4084 565 4161 co(a)s(ule)
587 4083 647 4156 vel,
670 4083 774 4160 idque,
796 4083 925 4160 saepius,
944 4087 1040 4160 praef.
1052 4083 1136 4158 fabr.
1153 4077 1384 4160 co(a)s(ulis)²).
1417 4085 1446 4141 A

120 4185 236 4244 duobus
258 4187 429 4246 consulibus
451 4186 530 4262 quod
553 4183 707 4246 secundm
729 4185 772 4244 sic
792 4185 908 4244 delatus
929 4193 989 4257 est,
1013 4204 1073 4244 uon
1095 4184 1243 4261 siguificat
1263 4185 1444 4244 delationem

120 4290 267 4347 communi
288 4289 414 4347 consilio
430 4288 609 4366 collegarum
624 4289 688 4347 fieri
704 4288 884 4366 oportuisse,
906 4287 960 4346 sed
974 4288 1116 4346 honorem
1132 4286 1223 4364 auget
1237 4286 1349 4365 duplici
1364 4287 1444 4345 dela-

120 4390 209 4449 tione.
226 4424 264 4434 -
280 4390 405 4450 Militiae
426 4391 504 4468 quod
519 4391 706 4469 praefectura
726 4390 843 4450 fabrum
866 4391 1035 4468 opponitur,
1058 4390 1215 4450 coufirmat
1229 4389 1310 4466 quod
1324 4389 1444 4449 aliunde

197 4674 219 4738 ¹)
244 4678 328 4728 Locos
352 4677 472 4728 collectos
495 4679 609 4744 reperies
628 4673 786 4728 Staatsrecbt
806 4679 830 4739 1,
845 4678 897 4727 288
922 4691 948 4726 n.
962 4676 988 4726 3.
1014 4677 1039 4737 2,
1054 4676 1089 4726 93
1112 4692 1137 4726 n.
1152 4678 1177 4727 2.
1215 4677 1273 4726 Hoc
1296 4690 1349 4726 nou
1373 4682 1442 4724 recte

118 4768 191 4832 posui
210 4770 365 4833 praefectum
385 4771 498 4821 delatum
518 4786 573 4820 esse
592 4786 644 4820 nou
663 4784 680 4820 a
698 4770 810 4832 consule,
831 4769 876 4818 sed
895 4783 912 4819 a
931 4768 1067 4818 consulari.
1095 4769 1179 4818 Immo
1199 4767 1357 4818 consuetudo
1375 4767 1443 4817 redit

118 4861 151 4908 ad
174 4860 201 4909 id
225 4869 337 4927 tempus,
361 4878 411 4928 quo
431 4864 594 4928 magistratus
614 4877 647 4912 ex
665 4862 798 4912 consulatu
817 4869 968 4926 praeturavc
986 4861 1013 4910 in
1032 4861 1177 4925 provincias
1195 4860 1399 4925 profiscebantur
1417 4867 1443 4909 et

118 4960 177 5001 ante
201 4968 277 5017 quam
301 4955 407 5005 exibant
431 4968 496 5020 quos
518 4955 625 5005 comites
647 4955 782 5019 elegissent
800 4953 835 5003 ad
853 4954 979 5003 aerarium
999 4952 1157 5015 deferebant,
1183 4953 1331 5019 videturque
1349 4968 1441 5002 cousu-

39 5032 42 5043 '
116 5045 183 5094 libus
201 5046 413 5112 praetoribusque
428 5046 472 5097 ius
489 5053 543 5098 tam
562 5060 664 5115 quoque
682 5054 735 5098 utcu
749 5052 879 5097 mutatum
899 5046 1030 5107 mansisse,
1050 5060 1108 5097 cum
1120 5046 1267 5109 provincias
1286 5052 1344 5110 post
1361 5046 1440 5094 iuter-

117 5137 210 5187 vallum
230 5139 334 5189 demum
351 5138 574 5191 administrabant.

193 5227 218 5292 ²)
244 5231 347 5283 usuras
364 5231 498 5298 masona
515 5232 544 5285 a
562 5232 675 5287 vm
688 5230 772 5285 vot-s
791 5246 818 5299 p.
831 5229 876 5283 co.
