3474 5812
542 459 842 514 ossuavsrronss
869 461 1153 514 serenissimae.
1439 441 1510 512 243

223 639 277 698 oa.
322 637 359 695 5.
375 636 486 694 esurus
502 637 542 694 5.
558 636 577 694 f.
594 636 664 695 rer.
680 637 779 697 ausus
801 638 818 695 7
839 640 897 714 ug.
914 638 974 696 xx
989 639 1055 697 vn.
1073 639 1139 696 55.
1164 643 1209 690 ex
1230 614 1321 691 000
1341 617 1422 692 coh.
1443 615 1514 690 ΙΙΙΙ

336 745 390 818 pl*-
410 745 447 817 p·
467 744 521 809 V·,
539 741 680 816 princeps
697 748 821 798 castior.
853 743 923 792 Anni
937 759 962 807 p.
977 743 1038 793 Chr.
1055 745 1116 793 208.
1149 739 1225 799 Vide
1247 761 1275 799 n.
1294 741 1341 799 75.

218 842 275 903 89.
320 840 355 915 Q.
378 842 551 900 Trebellius
573 841 611 916 Q.
634 842 654 900 f.
677 841 751 899 Feb.
774 842 925 900 Maximus
948 843 1046 901 Roma
1066 843 1083 900 7
1105 843 1161 921 leg.
1185 841 1211 899 V
1233 843 1324 914 Mae,
1347 832 1512 896 trecena-

336 924 410 1001 rius
429 923 511 998 coh.
531 922 584 997 III
603 951 658 1023 pr.
675 969 723 978 —
742 947 841 997 romu.
873 946 940 1011 apl.
953 949 983 997 11
1001 964 1026 1012 p.
1042 949 1094 997 aar
1115 964 1139 997 n.
1155 947 1217 997 aar.

217 1046 277 1106 90.
320 1047 357 1106 bl.
379 1048 499 1107 Vettius
521 1047 561 1105 M.
589 1049 608 1106 f.
633 1048 702 1105 Ani.
726 1046 838 1104 Valens
854 1093 861 1106 .
879 1091 885 1105 .
903 1091 909 1104 .
926 1048 1067 1124 princeps
1094 1049 1223 1123 praetori
1250 1048 1307 1126 leg.
1330 1047 1411 1106 XIII
1437 1065 1511 1124 gem.

335 1141 507 1221 extrem,
532 1151 572 1227 [p.
596 1149 638 1226 p.]
663 1151 718 1227 leg.
744 1149 788 1208 VI
812 1149 895 1208 victr.
913 1182 948 1192 -
969 1151 1049 1208 Anni
1072 1170 1101 1227 p.
1124 1148 1195 1209 Chr.
1220 1150 1268 1208 66.
1313 1149 1391 1208 Vide
1420 1168 1513 1227 supra

336 1271 364 1328 p.
381 1252 438 1312 231
464 1273 493 1311 n.
509 1254 538 1310 4.

222 1355 276 1412 91.
319 1354 386 1416 Sex.
410 1355 519 1414 Vibius
542 1353 651 1414 Gallus
673 1334 901 1424 tricenarius,
932 1355 1149 1431 primopilaris,
1177 1354 1268 1431 praef.
1297 1355 1426 1413 kastror.
1455 1355 1511 1431 leg.

333 1457 411 1518 XIII
434 1457 578 1534 geminae.
596 1492 634 1501 -
650 1460 792 1524 Mytilenis.
826 1460 855 1511 C.
876 1460 927 1521 ΙΙΙ,
942 1460 1006 1509 454.

199 1557 286 1622 emisi
306 1562 406 1621 titulos
428 1561 566 1619 lectionis
592 1560 884 1636 interpretationisve
907 1561 995 1635 plane
1017 1560 1147 1618 incertae
1170 1557 1205 1619 0.
1228 1559 1287 1632 III,
1304 1559 1395 1619 6150.
1416 1559 1511 1631 40180,

203 1662 271 1734 8,1.
292 1663 374 1723 6458.

164 1796 182 1825 .·
276 1767 496 1844 appellaturis
519 1767 556 1826 05
576 1783 636 1841 555
659 1765 757 1842 agitur
778 1765 867 1825 modo
891 1770 1016 1825 centurio
1031 1767 1155 1824 cohortis
1175 1765 1256 1823 illius
1273 1769 1438 1841 praetoriae
1460 1776 1512 1823 tre-

164 1914 167 1927 .
211 1873 313 1928 mae
332 1869 374 1946 (5.
391 1870 441 1928 79.
458 1871 507 1929 81.
526 1869 591 1944 87),
615 1868 704 1927 modo
719 1872 893 1928 trecenarius
907 1870 1029 1927 cohortis
1046 1868 1126 1926 illius
1139 1871 1304 1943 praetoriae
1319 1867 1361 1942 (n.
1379 1867 1428 1926 88.
1445 1868 1510 1943 89),

164 2022 166 2037 ,
214 1969 279 2028 uodo
296 1976 466 2032 trecenarius
482 1971 607 2046 depasti
633 1970 676 2046 (n.
694 1971 758 2045 80),
781 1971 956 2047 saepissime
973 1975 1144 2030 trecenarius
1167 1969 1245 2028 nude
1268 1968 1312 2045 (n.
1329 1968 1377 2029 88.
1395 1970 1444 2029 83.
1461 1970 1510 2029 st.

164 2060 166 2079 ³
217 2070 250 2139 85.
262 2072 299 2132 86.
314 2073 359 2133 90.
377 2075 441 2148 91).
479 2073 677 2147 Terceuarius,
699 2074 778 2149 quod
795 2073 872 2131 solet
886 2075 933 2130 edi
948 2075 978 2131 in
994 2094 1022 2131 n.
1040 2074 1090 2144 83,
1113 2072 1220 2131 menda
1234 2083 1280 2129 est
1295 2073 1510 2149 exemplarium

218 2176 435 2246 essedariorum
462 2176 532 2233 item
564 2185 735 2254 corruptum
762 2183 809 2234 est
830 2179 998 2235 tricenarius
1024 2176 1101 2233 tituli
1125 2196 1152 2233 5.
1170 2174 1205 2231 91
1231 2194 1337 2251 parum
1357 2175 1432 2233 bene
1451 2184 1511 2232 tra-

218 2272 261 2333 titi.
287 2277 409 2338 Notatur
432 2277 512 2337 000
530 2297 558 2335 5.
576 2278 626 2336 79.
642 2277 689 2336 88.
709 2278 759 2348 88,
782 2297 859 2354 5555
882 2287 953 2335 nota
972 2278 1050 2337 redit
1076 2279 1107 2336 in
1131 2284 1325 2352 procuratore
1347 2281 1512 2337 trecenario

218 2373 296 2448 (0511.
311 2380 392 2456 946).
429 2380 592 2456 Proprium
615 2389 661 2438 est
683 2380 753 2438 huic
775 2381 884 2453 officio,
911 2381 991 2456 qued
1013 2381 1063 2456 qui
1087 2399 1122 2437 eo
1144 2380 1235 2438 functi
1259 2380 1388 2437 suntad
1411 2390 1510 2439 centu·

216 2476 327 2542 titanum
348 2483 479 2559 legionis
500 2500 588 2557 quem
611 2490 718 2559 postea
739 2483 907 2560 suscipiunt
929 2485 971 2558 (n.
989 2483 1037 2540 83.
1056 2484 1104 2542 88.
1122 2482 1176 2558 90)
1200 2481 1334 2556 adeoque
1356 2482 1392 2540 ad
1409 2482 1511 2557 primi·

193 2578 305 2653 ’5815155
325 2585 368 2661 (n.
385 2584 440 2661 88)
462 2584 716 2660 praefecturamve
738 2585 865 2662 legionis
889 2585 931 2660 (n.
949 2585 1002 2660 84)
1026 2585 1138 2643 addunt
1159 2603 1192 2641 ea
1213 2588 1377 2643 trecenario.
1395 2621 1433 2629 -
1447 2587 1510 2643 An-

213 2678 339 2756 tiquissimi
357 2687 521 2756 titulorum,
542 2687 572 2744 85
589 2687 697 2762 558555
716 2688 939 2745 centurionatus
959 2688 1007 2745 hic
1030 2688 1208 2757 nominatur,
1232 2695 1373 2763 quantum
1392 2687 1510 2762 quidem

211 2792 274 2845 totas
290 2809 384 2848 eorum
407 2789 598 2847 determinari
621 2790 729 2864 potuit,
752 2800 822 2847 sunt
844 2809 872 2847 n.
888 2790 927 2849 80
947 2797 976 2847 et
997 2790 1036 2848 90
1059 2789 1166 2847 aetatis
1189 2788 1389 2861 Neronianae,
1411 2807 1510 2847 recen·

209 2881 313 2949 tittiarus
337 2913 365 2951 5.
382 2892 423 2950 84
451 2893 521 2950 5558
548 2911 576 2968 p.
600 2890 633 2949 0.
657 2890 731 2961 833;
760 2892 837 2949 5505
864 2892 1016 2966 probabile
1043 2892 1076 2949 fit
1103 2891 1331 2950 trecenariatum
1358 2911 1417 2950 uua
1443 2910 1509 2951 cum

207 2980 266 3059 Ipsis
285 2993 477 3070 praetorianis
502 2994 672 3052 institutum
697 2982 766 3053 esse
793 3002 823 3052 et
849 2995 1012 3064 mansisse,
1046 2994 1141 3053 donee
1173 2995 1312 3052 cohortes
1342 2995 1511 3071 praetoriae

207 3085 377 3156 abolerentur.
397 3129 432 3138 -
449 3095 648 3154 Trecenarios
674 3097 845 3155 cohortibus
874 3098 1031 3174 praetoriis
1060 3097 1199 3173 proprios
1222 3114 1289 3154 csse
1310 3115 1406 3172 neque
1430 3096 1509 3153 ullos

164 3252 172 3271 ,
207 3184 279 3254 Inue
297 3198 477 3257 trecenarius
499 3198 629 3276 legionis
646 3199 782 3273 equidem
804 3217 981 3273 persuasum
1002 3199 1112 3269 habe0;
1135 3217 1204 3256 narn
1220 3215 1286 3255 eum
1308 3218 1347 3256 ex
1367 3198 1509 3257 tredecim

209 3288 280 3358 ι05885
303 3318 393 3378 supra
417 3300 520 3359 relatis
548 3300 700 3358 cohortem
721 3302 902 3378 praetoriam
925 3318 980 3358 sex
1002 3301 1165 3371 enuntient,
1189 3301 1319 3376 quinque
1341 3301 1510 3372 admittant,

210 3388 253 3455 855
272 3404 357 3463 579.
374 3403 431 3472 90,
459 3403 566 3478 quibus
593 3403 766 3461 insistentes
794 3404 976 3461 trecenarios
1004 3403 1131 3480 legionis
1162 3420 1359 3477 posueramus
1370 3404 1408 3479 l),
1441 3424 1509 3463 eum

181 3502 334 3581 ’,1555555
360 3514 479 3564 constet
504 3525 608 3583 parum
636 3516 717 3564 recte
744 3505 925 3582 descriptum
949 3522 1024 3576 5555,
1052 3504 1188 3563 mendosi
1211 3505 1348 3564 videntur
1375 3523 1451 3564 csse.
1469 3539 1507 3549 —-

213 3592 261 3671 815
285 3609 347 3667 1555
380 3608 536 3666 trecenarii
569 3607 694 3680 luerint,
728 3609 838 3685 optime
871 3607 1054 3683 intellegitur
1080 3627 1119 3664 ex
1151 3606 1259 3665 ciliciis
1289 3618 1356 3666 ante
1383 3616 1412 3666 et
1439 3617 1509 3685 post

214 3704 402 3770 mennatum
426 3708 650 3768 administratis.
688 3694 812 3768 Scilicet
834 3709 908 3767 liunt
931 3710 1088 3768 trecenarii
1108 3709 1158 3785 qui
1182 3708 1300 3767 fuerunt
1321 3711 1508 3770 centuriones

213 3803 340 3872 itherium
368 3813 548 3870 urbanarum
576 3812 618 3886 (n.
641 3811 690 3870 79.
709 3811 762 3886 81)
790 3813 837 3871 vel
867 3813 1016 3889 principes
1043 3811 1186 3887 praetorii
1218 3810 1346 3886 legionis
1378 3811 1420 3886 (n.
1443 3813 1506 3889 86).

215 3898 318 3975 ctttun‘o
342 3915 601 3994 praetorianorum
632 3914 669 3972 ad
699 3916 927 3973 trecenariatum
950 3925 1107 3990 promotus
1131 3934 1189 3972 555
1211 3915 1372 3986 invenitur,
1395 3916 1509 3975 scilicet

215 4012 268 4079 9908
283 4017 460 4076 trecenarius
482 4017 546 4093 8555
566 4017 700 4074 centurio
719 4025 767 4075 est
787 4017 1007 4092 praetorianus;
1031 4019 1061 4075 in
1083 4017 1170 4076 titulo
1193 4037 1221 4074 5.
1238 4017 1276 4075 83
1299 4017 1379 4091 quod
1401 4017 1508 4094 legitur

213 4100 273 4190 755.
288 4119 364 4178 VIII
382 4118 459 4195 Aup.
483 4137 515 4177 er
547 4122 716 4188 trecenario,
749 4118 767 4175 7
800 4120 861 4178 eol.
884 4119 985 4177 VIIII
1003 4137 1066 4195 pr,
1100 4119 1143 4176 ita
1175 4118 1428 4193 interpretandum
1461 4133 1508 4179 est

214 4205 324 4281 leuium
350 4221 553 4280 centurionem
583 4221 679 4278 fuisse
705 4221 836 4279 cohortis
865 4240 960 4279 nonae
989 4221 1156 4296 praetoriae
1182 4221 1379 4279 trecenarium
1413 4232 1442 4280 et
1468 4243 1506 4280 ex

214 4320 331 4383 eutecio
358 4323 471 4382 sactum
502 4342 568 4382 esse
590 4322 793 4381 centurionem
815 4323 950 4399 legionis.
996 4323 1058 4397 Qui
1087 4323 1284 4380 trecenariatu
1312 4323 1403 4381 functi
1427 4334 1506 4397 eunt,

214 4410 262 4479 ¹tut
277 4424 359 4484 modo
385 4427 575 4484 centuriones
601 4425 759 4500 legionarii
781 4424 824 4499 (n.
841 4425 889 4482 8l.
907 4426 954 4483 83.
973 4425 1021 4484 88.
1039 4425 1102 4501 89),
1130 4427 1180 4500 558
1208 4425 1428 4484 centurionatus
1456 4427 1506 4485 nbi

213 4512 399 4597 terminatur,
437 4536 489 4584 aut
525 4527 674 4587 secundus
710 4527 742 4583 in
778 4527 895 4601 legione
933 4536 992 4597 est,
1033 4528 1147 4586 seilicet
1184 4528 1327 4603 principis
1365 4530 1506 4602 praetorii

213 4612 305 4702 tato),
325 4639 377 4688 55
399 4629 511 4705 primus
535 4628 576 4705 (n.
595 4628 662 4687 sce.
680 4627 729 4687 aa.
747 4630 795 4687 85.
812 4629 877 4704 91),
901 4630 988 4687 555.
1010 4631 1153 4708 praeses
1176 4630 1301 4706 legionis
1328 4629 1369 4702 (n.
1389 4631 1443 4700 54,
1466 4631 1505 4689 ef.

214 4715 342 4790 5055555
370 4733 400 4790 85
428 4732 484 4789 bac
511 4731 579 4807 eph.
602 4731 617 4788 I
640 4731 770 4808 5101).
825 4732 929 4807 Itaque
957 4735 1141 4791 trecenarius
1170 4733 1310 4807 praetorii
1344 4740 1375 4788 ut
1408 4733 1504 4808 primo

213 4820 252 4893 lili
269 4831 385 4910 legionis
408 4834 496 4904 cedit,
518 4834 597 4909 quod
619 4834 648 4892 85
671 4834 769 4910 ipsum
793 4835 920 4909 primum
943 4835 1075 4893 ordIncm
1098 4835 1264 4892 cohortium
1289 4834 1503 4908 praetoriarum

218 4960 378 4989 κ.-

265 5058 284 5123 ¹)
299 5066 384 5132 Itaque
411 5083 476 5134 quae
501 5068 533 5116 de
557 5068 706 5117 trecenariis
731 5068 880 5132 legionariis
910 5068 1049 5133 disputarit
1072 5069 1213 5119 Muellerus
1237 5069 1254 5117 l.
1279 5084 1300 5117 c.
1327 5083 1352 5131 p.
1374 5069 1425 5117 144
1435 5083 1502 5132 seq.‚

226 5146 339 5209 18155555
357 5166 445 5210 meent
463 5174 546 5224 neque
566 5161 598 5210 iis
616 5175 663 5210 nos
683 5161 885 5210 immorabimur.

1235 5246 1298 5311 tt*
