3474 5812
336 482 410 553 320
867 498 1139 550 nnonnnnnun
1622 500 1673 551 888

338 693 418 732 mum
445 672 523 747 quod
551 690 627 748 qnae
654 671 766 730 de-illa
787 692 818 729 re
840 679 942 730 narrat
963 671 1025 730 Dio
1037 673 1076 747 ¹),
1098 671 1148 747 qui
1170 690 1235 729 eam
1259 671 1306 729 vel
1327 671 1422 729 oculis
1445 671 1507 731 suis
1528 671 1604 730 vidit
1625 671 1673 729 rel

337 784 418 834 certe
438 787 500 833 tum
523 774 637 832 Romae
659 773 764 845 adsuit,
786 773 931 832 eiusmodi
954 783 1024 833 sunt
1045 783 1078 833 nt
1099 772 1220 833 difficile
1235 773 1274 831 sit
1287 774 1407 832 credere
1423 771 1566 834 Severum
1582 775 1673 833 etiam

336 879 395 949 eis,
426 881 476 952 qui
502 876 632 935 nondum
658 876 770 934 iustum
797 876 1013 953 stipendiorum
1041 894 1196 934 nnmerum
1220 875 1436 948 confecissent,
1464 877 1672 951 praemialis

336 989 441 1037 888188
462 978 616 1037 missionis
644 998 682 1036 ex
708 986 793 1055 parte
821 987 903 1037 certa
930 979 1118 1038 concessisse
1144 986 1234 1054 atque
1260 979 1381 1037 omnino
1406 997 1509 1038 eorum
1534 978 1672 1054 quitum

337 1081 443 1139 militia
465 1072 654 1139 sblverentnr
675 1081 797 1140 nomina
819 1079 915 1140 incisa
936 1098 1002 1140 esse
1024 1081 1054 1138 in
1077 1079 1222 1153 aedicula,
1245 1099 1321 1156 quae
1343 1097 1392 1138 res
1411 1081 1542 1139 indicare
1559 1080 1673 1140 videre·

337 1193 385 1240 tur
411 1193 497 1257 grato
524 1201 576 1241 eos
605 1182 697 1241 fuisse
725 1183 834 1243 animo.
885 1181 1003 1240 Deinde
1033 1201 1100 1241 eum
1133 1182 1296 1242 secuudum
1323 1182 1475 1258 antiquum
1503 1182 1672 1241 institutum

338 1303 417 1342 anno
443 1284 500 1343 188
524 1284 692 1343 dimittendi
718 1285 828 1344 1888181
853 1285 1049 1361 praetoriani,
1079 1285 1130 1360 qui
1158 1284 1287 1342 militare
1313 1294 1476 1360 coeperunt
1501 1285 1588 1343 annis
1614 1285 1670 1341 171

337 1394 367 1443 81
391 1384 461 1457 172,
484 1405 562 1444 anno
587 1386 645 1445 190
667 1387 778 1445 milites
800 1405 946 1446 annorum
972 1385 1040 1445 173.
1064 1386 1132 1457 174,
1156 1405 1235 1444 8888
1261 1383 1318 1444 192
1341 1405 1486 1444 annorum
1510 1385 1672 1456 175.176‚

337 1490 368 1546 in
391 1488 447 1546 1888
468 1496 567 1546 nutem
589 1489 724 1548 centuria
746 1489 910 1548 enumerati
938 1488 999 1547 sint
1026 1487 1135 1547 milites
1161 1505 1305 1546 annorum
1330 1489 1398 1546 171.
1421 1486 1488 1546 172.
1511 1487 1580 1546 173.
1603 1487 1672 1544 174.

341 1590 408 1648 175.
435 1590 501 1648 176.
525 1590 582 1649 177
611 1601 641 1649 81
667 1592 852 1667 sequentium
881 1599 910 1651 81
935 1590 1064 1651 18818888
1090 1608 1235 1649 annorum
1260 1591 1472 1648 nonnullorum
1494 1587 1674 1667 praeceden-

337 1692 420 1765 tium,
444 1693 471 1750 si
492 1692 685 1768 intellegendi
707 1701 809 1752 essent
830 1692 940 1751 milites
963 1693 1015 1768 qui
1037 1711 1063 1749 a.
1084 1692 1141 1752 193
1165 1693 1317 1751 etiamtum
1340 1693 1513 1762 militarent,
1541 1701 1673 1750 statuen-

337 1794 406 1852 dum
429 1801 612 1854 8888188818
634 1796 722 1854 annis
746 1794 814 1853 188.
839 1794 906 1854 190.
931 1793 999 1865 192,
1025 1794 1154 1854 18818888
1176 1798 1265 1853 etiam
1289 1795 1442 1871 superiore
1464 1794 1576 1869 aliquo,
1603 1794 1674 1852 8818-

337 1898 453 1955 sionem
478 1898 635 1956 honestam
666 1916 725 1956 non
751 1898 861 1956 factam
888 1914 964 1967 esse,
995 1915 1072 1972 qnae
1098 1915 1146 1956 res
1173 1905 1203 1955 et
1229 1916 1282 1974 per
1309 1914 1342 1955 se
1369 1897 1499 1956 maxime
1525 1896 1600 1955 mira
1627 1903 1674 1953 cst

335 1999 511 2076 praesertim
540 1999 704 2076 imperante
731 1997 908 2070 Commodo,
934 2017 1031 2074 neque
1056 1999 1087 2056 in
1115 1999 1260 2058 memoria
1285 2018 1385 2058 rerum
1413 2006 1565 2076 gestarum
1587 1997 1672 2072 quid-

337 2119 427 2177 quam
448 2110 503 2173 est,
532 2119 591 2177 quo
614 2101 730 2160 offensa
752 2101 911 2161 minuatur.
955 2099 1054 2158 Nobis
1082 2101 1173 2177 igitur
1199 2101 1258 2172 bic,
1285 2101 1402 2176 dequo
1425 2105 1554 2177 agimus,
1584 2099 1673 2157 later·

336 2204 423 2263 culus
446 2223 506 2262 non
530 2204 735 2262 videturesse
757 2202 884 2262 militum
906 2202 1109 2274 dimissorum,
1132 2202 1184 2262 sed
1207 2202 1339 2261 omnium
1361 2203 1496 2274 militum,
1519 2202 1569 2278 qui
1591 2209 1673 2260 certo

337 2305 439 2382 aliquo
467 2316 611 2383 tempore,
638 2305 718 2380 quod
744 2304 800 2362 1811
825 2305 904 2363 18881
933 2305 1027 2364 mnlto
1049 2313 1119 2380 post
1140 2323 1167 2362 a.
1186 2305 1254 2375 179,
1279 2305 1311 2363 in
1334 2323 1394 2363 una
1415 2304 1518 2380 aliqua
1538 2304 1673 2362 centuria

336 2409 594 2482 praetorianorum
615 2408 742 2465 fuerunt.
788 2404 868 2466 Nam
889 2425 987 2482 neque
1012 2408 1090 2466 inest
1111 2406 1142 2464 in
1163 2407 1220 2465 boc
1242 2406 1386 2465 laterculo
1407 2407 1567 2483 quidquam
1590 2405 1671 2482 quod

337 2509 447 2568 milites
470 2511 579 2569 missos
603 2503 791 2584 significetl)
818 2517 848 2567 et
869 2527 909 2567 ex
930 2508 1174 2585 inscriptionibus
1195 2507 1238 2566 Vl
1259 2528 1287 2566 n.
1310 2507 1380 2567 212.
1397 2507 1467 2566 213.
1485 2507 1545 2567 214
1568 2509 1672 2567 incisis

336 2610 367 2668 in
399 2611 547 2687 epistyliis
580 2609 783 2669 aedicularum
812 2611 898 2669 annis
933 2610 989 2671 181
1019 2618 1048 2668 et
1078 2611 1135 2669 185
1161 2609 1224 2669 fere
1250 2629 1269 2667 8
1295 2610 1421 2687 singulis
1449 2610 1671 2669 centurionibus

337 2713 596 2787 praetorianorum
617 2731 684 2770 cum
707 2713 841 2771 evocatis
868 2723 898 2772 et
922 2712 1068 2772 militibus
1090 2712 1221 2772 eiusdem
1244 2711 1394 2772 centuriae
1416 2712 1561 2771 factarum
1583 2714 1672 2790 genio

337 2813 496 2883 centuriae,
518 2814 708 2891 cognoscitur
724 2814 754 2872 18
770 2815 935 2891 parietibus
957 2815 1064 2874 harum
1087 2814 1286 2873 aedicularum
1310 2813 1358 2874 vel
1381 2833 1499 2874 ararum
1521 2816 1673 2873 adiuncta·

337 2934 401 2973 rum
432 2915 546 2974 incisos
578 2915 672 2975 fuisse
703 2915 865 2975 laterculos
897 2917 1028 2974 omnium
1060 2915 1194 2975 eiusdem
1225 2916 1374 2976 centuriae
1407 2917 1543 2975 militum.
1597 2917 1673 2974 Eius

337 3017 455 3093 generis
478 3017 655 3076 laterculum
682 3039 750 3078 eum
776 3018 884 3090 fuisse,
911 3019 947 3076 de
974 3037 1034 3094 quo
1056 3019 1188 3094 agimus,
1215 3026 1246 3076 et
1267 3019 1362 3078 181888
1384 3018 1415 3077 in
1437 3039 1497 3077 nna
1518 3039 1556 3078 ex
1578 3018 1674 3076 tribus

336 3120 396 3178 illis
419 3120 576 3193 aediculis,
603 3120 631 3177 in
655 3139 778 3196 quarum
801 3120 951 3197 epistyliis
974 3120 1060 3179 incisi
1082 3120 1204 3179 fuerunt
1225 3120 1303 3179 tituli
1317 3120 1370 3193 Vl,
1391 3120 1461 3180 213.
1483 3121 1552 3179 214.
1573 3119 1673 3194 215³)

336 3223 382 3281 rel
406 3223 434 3279 in
458 3222 519 3281 alia
541 3222 632 3280 simili
656 3222 848 3298 eiusdemque
870 3223 977 3280 aetatis
1000 3224 1076 3281 satis
1099 3223 1187 3281 nobis
1209 3221 1326 3281 videtur
1348 3239 1416 3281 esse
1437 3222 1643 3298 probabile⁴).

416 3427 438 3489 ¹)
467 3430 497 3478 ln
518 3429 574 3494 ipso
595 3431 668 3479 initio
688 3430 730 3479 lib.
748 3430 794 3478 74:
815 3427 940 3493 Σισυῆρσς
955 3463 961 3475 .
979 3463 985 3475 .
1002 3463 1008 3476 .
1024 3417 1083 3485 τσι1ς
1103 3426 1146 3497 plu
1164 3416 1395 3499 χειρουργήσαντας
1413 3416 1442 3476 rei
1461 3416 1523 3478 narei
1541 3418 1583 3478 818
1603 3428 1672 3495 Πιρ-

337 3515 423 3570 τίνακα
436 3515 505 3586 ἔργον
518 3512 619 3583 Satrico)
634 3516 764 3588 ἐζημίωσε,
784 3507 840 3578 roric
854 3516 881 3569 11
896 3509 990 3576 ἄλλους
1006 3509 1166 3590 δορυῲὸρσυς,
1185 3514 1243 3587 πρὶν
1257 3518 1280 3570 lv
1297 3519 1329 3592 τῇ
1344 3511 1425 3592 Ῥώμῃ
1444 3519 1575 3588 γενέσθαι,
1597 3538 1672 3587 μετα-

337 3601 495 3680 πεμψάμενος
513 3607 554 3661 καὶ
575 3611 598 3660 ἐν
617 3608 693 3675 πεδίῳ
712 3600 842 3682 περισχῶν
863 3607 905 3661 otia
925 3600 1063 3673 8111881881
1076 3609 1172 3680 μίλλσν
1185 3608 1261 3680 σφίσι
1276 3602 1468 3681 συμβήσεσθαι,
1489 3602 1615 3662 8881118188
1629 3606 1672 3662 καὶ

335 3691 409 3770 stupui
427 3695 486 3772 tirrip
505 3702 547 3769 τῆς
567 3702 591 3762 le
610 3694 651 3752 cdv
665 3695 833 3771 ciroxpeiropei
851 3709 919 3771 σφων
938 3700 1091 3774 παρανομίας
1112 3700 1238 3763 σ’νιιδῖσας
1251 3695 1346 3768 adroic,
1366 3703 1412 3756 seir
1425 3723 1449 3754 τε
1465 3691 1547 3754 inlus
1560 3699 1671 3754 ἀπέλυσε

336 3784 392 3852 roric
418 3814 444 3843 τε
470 3789 556 3853 ἵππους
581 3792 702 3864 ἀφείλετο
727 3795 768 3845 καὶ
790 3794 832 3860 τῆς
849 3786 945 3862 Ῥώμης
965 3786 1105 3862 ἀπήλασεν.
1126 3792 1189 3847 ivdie
1209 3785 1238 3860 181
1260 3794 1285 3845 οἱ
1304 3794 1346 3866 μὶν
1366 3785 1446 3847 ἄλλοι
1465 3795 1505 3847 καὶ
1525 3785 1673 3855 81888888τᾶ

334 3905 360 3936 ra
381 3872 449 3937 188118
468 3880 631 3957 ἆπερρὶπτσυν
651 3888 692 3937 uel
712 3877 769 3946 roric
790 3882 876 3946 18888888
895 3881 1010 3957 sipiares,
1032 3885 1055 3939 ἔν
1074 3907 1100 3938 τε
1119 3893 1172 3946 τοῖς
1186 3887 1295 3960 χιτῦσιν
1316 3877 1425 3954 ἄζωστοι
1445 3879 1629 3940 inebriatum·

413 3979 437 4043 ²)
465 3983 536 4032 Nota
556 3983 653 4032 evocati
674 3984 786 4034 18188888
805 3984 942 4034 invenitur.

414 4071 438 4134 3)
467 4075 495 4126 Si
516 4075 542 4124 in
561 4076 638 4125 rebus
657 4090 703 4125 888
722 4083 814 4126 natura
836 4076 941 4125 incertis
966 4075 1088 4125 hariolari
1112 4076 1180 4138 11881,
1205 4076 1314 4127 18818888
1339 4076 1445 4142 aliquod
1468 4077 1601 4141 vestigium
1624 4083 1671 4136 est,

336 4181 386 4229 qno
406 4166 457 4227 VI,
484 4168 555 4218 2382
581 4183 635 4218 esse
659 4168 744 4233 potius
769 4168 883 4218 eiusdem
908 4167 1041 4218 aediculae
1066 4174 1142 4232 atque
1160 4169 1214 4231 VI,
1240 4170 1292 4219 213
1318 4169 1483 4235 significetur.
1529 4169 1597 4219 Nam
1622 4168 1671 4216 hoc

337 4258 482 4321 epistylium
503 4260 613 4323 primum
634 4269 723 4311 notum
743 4276 798 4310 esse
819 4262 904 4325 coepit
921 4275 966 4325 per
978 4260 1145 4321 Febrcttinnr,
1166 4262 1209 4325 qui
1229 4261 1257 4309 id
1276 4262 1303 4310 in
1323 4263 1399 4311 vinea
1416 4262 1524 4311 Petrum
1543 4262 1672 4310 8881818118

336 4350 396 4399 1888
420 4350 454 4400 ad
477 4360 561 4402 eastra
586 4355 716 4418 praetoria
738 4353 817 4403 181888
841 4353 917 4414 dicit,
942 4353 1079 4403 laterculus
1105 4359 1189 4401 autem
1207 4354 1254 4414 Vl,
1273 4353 1344 4404 2382
1368 4369 1414 4418 per
1435 4352 1602 4413 1181888188,
1628 4353 1671 4416 qui

336 4448 435 4505 partem
458 4443 606 4495 inferiorem
632 4461 718 4495 secum
742 4446 827 4497 Roma
850 4444 997 4495 Bononiam
1026 4445 1084 4494 tulit
1106 4445 1194 4495 018888
1218 4460 1300 4509 nuper
1323 4460 1379 4495 csse
1404 4452 1529 4509 repertam
1555 4446 1581 4493 in
1608 4459 1672 4507 agro

337 4533 464 4586 Romano.
509 4538 565 4586 Iam
590 4552 651 4587 vero
675 4537 789 4587 Fabretti
814 4544 840 4586 81
863 4537 991 4587 Malvesia
1015 4538 1069 4587 1888
1094 4538 1222 4588 888188811
1250 4544 1324 4588 erant
1348 4539 1375 4588 18
1400 4538 1566 4603 explorandis
1591 4536 1672 4585 titulis

338 4627 451 4678 urbanis.
482 4630 540 4678 Hoc
559 4629 581 4678 81
600 4645 688 4679 verum
708 4638 755 4690 881,
775 4645 833 4680 cnm
846 4629 893 4690 VI,
909 4628 961 4678 21³
982 4630 1015 4679 sit
1033 4631 1165 4681 aediculae
1184 4628 1382 4690 1881888181,
1403 4628 1582 4680 coniciendum
1600 4627 1671 4675 eide-

338 4726 378 4768 tur
396 4720 465 4770 bunc
484 4721 635 4772 laterculum
654 4721 755 4771 initium
776 4721 873 4786 cepisse
893 4722 925 4770 ab
946 4736 1014 4771 8888
1036 4722 1088 4773 165
1113 4730 1138 4772 81
1161 4725 1188 4773 18
1213 4738 1244 4773 88
1261 4723 1356 4788 pagina
1376 4722 1415 4772 vel
1433 4722 1520 4786 potins
1540 4735 1571 4769 eo
1591 4720 1670 4769 latere

337 4811 406 4875 quod
424 4814 502 4877 periit
521 4841 554 4848 -
576 4815 689 4865 tabulam
710 4830 767 4865 eum
785 4814 872 4864 188888
891 4821 944 4864 tum
965 4822 1118 4865 ornamenta
1136 4831 1202 4880 quae
1221 4824 1281 4866 8881
1304 4816 1331 4865 18
1355 4815 1444 4864 infima
1463 4820 1535 4878 parte
1555 4812 1670 4862 indicant

336 4918 382 4967 per
395 4919 422 4955 88
435 4905 550 4956 effecisse
570 4906 638 4957 18188
657 4907 768 4957 aedificii
788 4921 871 4971 neque
891 4907 955 4956 alias
974 4907 1082 4971 paginas
1101 4907 1175 4956 iuxta
1192 4907 1271 4957 fuisse
1292 4934 1324 4942 -
1344 4912 1447 4971 praeter
1459 4911 1579 4954 evocatos
1592 4904 1672 4952 181888

336 4996 430 5047 milites
454 5013 581 5049 annorum
607 4999 666 5050 166.
690 4999 750 5049 166.
771 5000 831 5049 167.
853 4999 913 5049 168.
937 4999 997 5049 169.
1019 4999 1070 5049 170
1094 5006 1120 5048 81
1143 5007 1210 5050 88818
1234 5000 1368 5050 consulum
1387 4999 1495 5048 nomina
1513 5011 1536 5045 a.
1553 4998 1618 5056 171,
1644 4995 1670 5043 id

336 5088 405 5151 qnod
425 5106 481 5140 cum
501 5093 585 5156 spatio
605 5099 673 5141 88818
693 5091 793 5141 videtur
812 5092 959 5142 convenire.

411 5180 435 5242 ⁴)
463 5183 531 5233 Nam
557 5197 622 5248 quae
648 5184 745 5233 moveri
775 5190 859 5249 potest
891 5184 1042 5246 (1116881188,
1073 5185 1143 5248 quod
1173 5200 1224 5234 non
1256 5191 1379 5249 appareat
1408 5197 1498 5245 eausa,
1536 5199 1580 5231 cur
1609 5182 1672 5232 anui

332 5275 485 5340 praescripti
510 5277 575 5338 sint,
601 5293 659 5327 cum
682 5277 710 5327 id
733 5276 761 5326 in
786 5277 849 5326 solis
873 5276 1005 5328 latereulis
1029 5277 1165 5328 missorum
1189 5277 1246 5327 fieri
1269 5277 1351 5327 soleat
1373 5276 1451 5341 idque
1470 5274 1566 5325 idonea
1584 5289 1670 5339 causa,
