3474 5812
643 482 917 533 ADDITAMEN'I'A
945 482 1029 532 VOL.
1050 481 1094 530 III

639 856 822 931 MOESIA
850 854 1092 931 INFERIOR.

533 1044 681 1104 novun
704 1045 837 1122 (sistor)
860 1045 902 1120 (p.
923 1042 1077 1103 140991.
1096 1044 1198 1119 ross).

199 1183 263 1243 133
290 1204 343 1242 ura
369 1204 462 1260 parva
488 1182 616 1242 Sticleae
639 1204 657 1240 a
679 1182 780 1243 Sistov
803 1181 957 1240 meridiem
979 1199 1083 1240 uersus
1105 1201 1182 1259 rep,
1210 1181 1298 1239 hodie
1321 1180 1537 1255 (Bukureatit)

242 1287 320 1363 apud
344 1284 377 1344 C.
395 1285 520 1343 Belliac.

634 1385 652 1426 c
686 1399 692 1411 ·
728 1383 889 1427 ensrntuvs
925 1398 931 1411 ·
967 1382 1097 1427 sexstvs

632 1485 685 1527 uu
703 1501 709 1513 ·
727 1487 782 1528 teo
799 1501 805 1514 ·
820 1477 854 1526 i·
871 1486 946 1527 rratr
963 1499 968 1513 ·
986 1485 1097 1527 votvm

632 1588 767 1631 utacum
790 1601 797 1614 ·
821 1587 931 1630 soevn
951 1600 957 1614 ·
978 1586 1098 1629 neutro

199 1712 374 1788 Ephemeris
400 1710 604 1769 Bulrurestiua
633 1712 793 1785 Trompe-tta
820 1710 986 1785 Carpetilor
1013 1707 1158 1786 10003.
1184 1708 1263 1768 1876
1291 1727 1320 1784 q.
1340 1728 1373 1766 ne
1391 1728 1419 1767 v.
1447 1707 1539 1783 (inde

199 1813 356 1871 Totilescu
380 1813 457 1889 apud
480 1812 714 1871 Hirsclrfcldiuru
739 1813 866 1870 11111701
892 1832 921 1887 p.
939 1811 1002 1886 73).

782 2440 945 2517 DACIA.

725 2618 872 2677 Auctores
895 2619 1010 2678 Dacici.

242 2757 355 2834 Accepi
381 2756 565 2815 aLucianio
593 2775 658 2814 meo
682 2755 816 2814 Vcnetiis
843 2756 981 2832 syllogen
1005 2756 1232 2832 inscriptionum
1255 2754 1385 2815 CCXIII
1406 2757 1538 2835 scripta·

199 2879 264 2919 rum
291 2859 394 2923 eadem
423 2876 525 2930 mann,
558 2876 634 2933 quae
656 2857 750 2916 titulis
774 2876 913 2917 numeros
936 2877 1056 2934 quoque
1079 2859 1252 2935 adscripsit,
1279 2858 1428 2917 adinuctis
1450 2860 1538 2918 sebe·

200 2962 246 3029 dis
272 2960 341 3018 aliis
370 2960 534 3035 scripturae
557 2970 587 3017 et
607 2960 720 3017 formae
741 2959 890 3030 diversae,
919 2960 955 3017 de
977 2960 1085 3036 quibus
1107 2970 1213 3036 postea
1234 2978 1290 3019 suo
1312 2960 1379 3019 loeo
1409 2962 1539 3022 dicetur.

200 3061 425 3123 Schediusmata
450 3063 524 3120 haee
550 3081 616 3119 cum
645 3061 784 3120 uidissem
810 3063 920 3119 habere
948 3062 1094 3138 quaedam
1122 3081 1180 3119 non
1207 3062 1345 3140 uulgaria
1371 3072 1401 3121 et
1428 3064 1537 3141 augeri

198 3166 266 3223 iude
291 3181 381 3241 posse
408 3173 584 3242 apparatum
613 3182 701 3239 quern
729 3163 873 3222 habemus
896 3164 1133 3241 epigrapbicum‚
1161 3163 1318 3241 impetravi
1340 3184 1359 3222 a
1379 3164 1537 3242 praelecto

199 3267 397 3327 bibliothecae
424 3273 556 3337 nostrae,
583 3272 616 3323 ut
642 3266 667 3321 ei
698 3265 886 3324 inferrentur.
930 3266 987 3323 Illa
1010 3265 1128 3342 sylloge
1149 3266 1378 3343 inscriptionum
1401 3264 1538 3326 CCXIII

199 3379 246 3428 est
273 3368 391 3427 abbatis
419 3368 538 3426 Fourts
568 3387 604 3425 ea
630 3368 712 3445 ipsa,
740 3386 828 3443 <quam
856 3368 915 3426 rol.
936 3368 984 3425 III
1012 3386 1041 3443 p.
1061 3367 1119 3425 277
1143 3387 1167 3426 c.
1188 3366 1345 3426 XXXVII
1367 3368 1540 3445 significavi

200 3471 327 3530 delatam
354 3470 391 3527 ad
419 3469 607 3529 Silvestrium
639 3468 752 3527 frustra
777 3470 806 3526 iu
834 3469 1014 3528 bibliotheca
1040 3470 1205 3547 Rovigensi
1232 3489 1250 3527 a
1282 3488 1329 3527 me
1360 3469 1538 3547 indagatam

199 3590 276 3631 esse.
324 3571 502 3646 Exemplum
529 3571 609 3645 quod
635 3579 769 3629 nostrum
798 3571 921 3630 lecimus
948 3591 1007 3630 non
1029 3572 1127 3649 ipsum
1156 3581 1202 3632 est
1229 3570 1356 3631 aForti
1383 3574 1537 3650 perscrip-

199 3684 276 3744 tum,
308 3692 374 3731 curu
401 3682 469 3748 post
495 3691 521 3728 n.
547 3671 604 3729 177
632 3673 748 3748 legatur
774 3668 836 3730 ‘Ab
866 3672 968 3732 Fortis
996 3670 1180 3751 exscripsit’,
1212 3676 1282 3733 item
1311 3674 1423 3751 pagina
1453 3674 1537 3733 inse·

200 3775 299 3852 quenti
327 3775 453 3848 scriptor
482 3774 630 3849 significet
662 3775 807 3848 quasdam
839 3776 1050 3850 inscriptiones
1078 3794 1111 3833 se
1142 3796 1160 3833 a
1187 3774 1271 3834 Forti
1296 3776 1450 3852 accepisse
1479 3778 1537 3852 (ms

200 3879 225 3935 lc
258 3878 304 3933 ute
336 3879 364 3933 iu
401 3878 485 3951 copie
514 3874 581 3933 l'nb.
614 3876 729 3933 Fortr's:
763 3888 843 3952 leupo
878 3880 900 3934 il
924 3879 1019 3952 soylio
1051 3876 1190 3953 colente),
1223 3877 1349 3953 deniqne
1382 3878 1537 3938 Illarulina

200 3979 328 4053 scriptor
365 3976 453 4034 addat
485 3977 682 4036 describenda
716 3978 773 4035 sibi
806 3978 925 4037 dedisse
958 3978 1079 4037 Fortem
1112 3980 1168 4037 hoe
1201 3999 1227 4036 a.
1258 3979 1346 4038 1773.
1405 3978 1538 4058 Scripsit

200 4081 230 4138 id
262 4080 390 4137 fortusse
423 4078 531 4136 Petrus
565 4079 765 4148 Beneuenti,
805 4081 888 4138 errius
921 4100 979 4137 unu
1011 4100 1077 4137 eum
1116 4082 1171 4139 hae
1210 4081 1327 4159 sylloge
1362 4084 1535 4158 accepimns

199 4180 357 4258 epistularu
383 4182 522 4256 scriptam
552 4180 588 4237 ud
617 4182 711 4238 virum
736 4181 853 4239 doctum
878 4181 1087 4257 nescioquem
1111 4182 1147 4240 de
1169 4183 1256 4240 titulo
1277 4202 1316 4240 ex
1340 4183 1412 4241 urbe
1435 4182 1534 4243 Cone-

199 4284 332 4359 glianum
364 4282 460 4340 delato
489 4282 613 4339 Flaviae
641 4283 813 4341 Victor-inae
841 4283 912 4359 (vol.
933 4282 958 4339 V
987 4304 1015 4341 n.
1040 4282 1196 4359 11(120’);
1228 4285 1405 4360 quicumque
1434 4296 1534 4345 autem

199 4386 266 4456 luit,
295 4384 524 4461 diligentissime
546 4384 715 4460 exemplum
738 4385 815 4443 lecit.
861 4384 1023 4443 Continent
1044 4385 1262 4443 schediasmate
1287 4386 1361 4445 baec
1383 4398 1446 4447 tam
1467 4386 1533 4448 Da·

199 4487 264 4545 cica
285 4503 374 4561 quam
397 4484 584 4556 Dalmaticn3
606 4498 635 4544 et
656 4486 770 4545 Dacica
792 4487 909 4563 quidem
934 4488 1007 4545 haec
1030 4498 1109 4545 suut.

245 4590 270 4645 1.
314 4589 351 4645 In
378 4587 495 4665 sylloge
523 4589 770 4664 epigrammatum
794 4586 929 4647 CCXIII
956 4589 1084 4666 primum
1107 4589 1203 4647 lecum
1227 4590 1341 4649 obtinet
1361 4592 1534 4669 exemplum

200 4690 334 4767 syllogue
361 4689 493 4748 Dacicae
515 4689 669 4760 blezerzii,
692 4709 782 4765 quarn
805 4691 926 4748 Fortem
951 4692 1088 4751 Sebeuici
1111 4692 1263 4750 inuenisse
1285 4702 1316 4751 et
1335 4692 1535 4772 descripsisse

200 4802 302 4851 notum
336 4792 428 4866 est1).
483 4791 706 4867 Praeseriptum
741 4803 801 4849 est:
841 4788 1023 4869 ‘exemplum
1056 4804 1206 4871 sumptum
1241 4813 1279 4851 ex
1312 4794 1416 4854 libello
1449 4807 1535 4854 auto-

204 4918 408 4927 --.--..---=-

277 4977 300 5039 ¹)
328 4978 519 5029 7110001111
539 4980 640 5043 0151.
680 4979 869 5031 Kouaehiehius
894 4982 929 5031 ibi
957 4983 1048 5032 citatus
1072 4997 1130 5031 cum
1150 4984 1246 5034 scribat
1265 4984 1425 5034 Verantiana
1443 4992 1534 5048 postea

200 5072 272 5120 illata
291 5086 346 5121 csse
365 5071 493 5121 tabulario
515 5071 708 5136 Szeeheuysno,
733 5088 790 5123 mco
815 5083 905 5137 rogatu
924 5075 1052 5127 Sickelius
1072 5082 1124 5124 tam
1139 5074 1209 5124 Pesti
1230 5089 1307 5140 quam
1327 5074 1410 5129 Grani
1429 5084 1457 5125 ut
1476 5076 1535 5127 dili·

199 5164 346 5226 gentissime
366 5164 549 5227 indagarentur
568 5166 666 5216 curavit
685 5179 767 5230 nequo
786 5166 890 5216 invenit.
