3474 5812
200 461 273 534 356
803 480 926 530 cavan

200 657 334 731 exceptis
349 656 403 725 uls,
424 654 578 729 inquibus
600 672 723 713 munera
744 662 1022 725 commemorantur,
1044 672 1121 730 qnae
1141 655 1199 713 iam
1223 663 1292 715 ante
1313 657 1397 715 illum
1419 657 1449 715 in
1474 675 1529 716 usu

200 759 327 816 Inerant.
361 756 481 814 'Fitulos
496 757 634 828 maiores
658 757 812 832 inquibus
835 757 989 832 complura
1011 775 1134 816 munera
1154 767 1372 829 enumerantur,
1394 777 1453 817 non
1473 759 1530 818 suh

201 860 339 919 omnihus
354 859 503 936 capitibus
518 858 623 935 plenos
638 858 786 935 adscripsi
806 858 868 929 sed,
891 877 966 935 quae
985 860 1091 936 cuique
1106 861 1173 919 loco
1188 868 1259 936 apta
1273 871 1367 933 erant,
1381 861 1528 937 excerpsi.

203 960 263 1035 Qui
286 961 416 1037 integros
438 961 537 1039 legere
559 961 647 1032 volet,
674 968 827 1037 postremo
849 961 955 1038 capite,
982 962 1061 1038 quod
1088 972 1133 1022 est
1153 964 1189 1022 de
1211 965 1396 1039 promotione
1418 963 1530 1040 princi-

200 1064 323 1140 palium,
346 1081 399 1123 eos
420 1064 532 1122 relatos
554 1063 693 1122 inveniet.

849 1409 877 1484 I.

463 1557 529 1632 DE
558 1555 826 1633 SIGNIFERIS
852 1558 916 1631 ΕΤ
945 1557 1264 1634 VEXILLARIIS.

285 1771 308 1827 Ι.
353 1767 475 1827 Initium
496 1766 664 1825 iaciendum
687 1772 733 1825 est
753 1785 772 1823 a
794 1767 966 1826 cohortibus
988 1768 1123 1847 vigilum,
1149 1788 1275 1846 quarum
1298 1771 1447 1832 vexillarii
1469 1791 1531 1833 uon

202 1892 271 1931 raro
292 1872 336 1930 ita
357 1879 633 1940 commemorantur,
655 1878 687 1927 ut
708 1868 837 1927 dubitari
859 1877 994 1945 nequeat,
1017 1872 1089 1947 quin
1107 1872 1145 1930 ad
1161 1873 1295 1949 singulas
1318 1876 1467 1934 centurias
1484 1895 1530 1934 re-

201 1974 314 2033 ferendi
330 1975 400 2032 sint.
436 1971 513 2030 Nam
536 1980 565 2028 et
585 1972 615 2028 in
637 1970 787 2030 laterculis
809 1990 828 2028 a
848 1970 1061 2031 Kellermanno
1083 1974 1216 2032 tractatis
1239 1975 1414 2051 (VI,1057.
1435 1977 1530 2054 1058)

202 2087 233 2135 et
247 2077 276 2133 in
293 2075 384 2134 simili
397 2073 450 2148 VI,
468 2072 547 2132 1056
570 2073 706 2149 singulae
728 2074 878 2132 centuriae
900 2075 978 2134 inter
999 2085 1112 2135 ceteros
1133 2076 1313 2155 principales
1337 2078 1447 2138 habent
1468 2080 1532 2139 sin·

205 2179 291 2256 gulos
314 2176 498 2236 vexillarios.

244 2282 278 2339 Io
302 2280 422 2339 cohorte
444 2280 469 2337 Ι.
492 2278 614 2356 vigilum
638 2278 842 2338 Antoniniana
863 2287 933 2338 sunt
952 2280 997 2338 hi:

289 2386 315 2440 l.
350 2401 417 2441 vex.
440 2381 569 2440 Paccius
591 2381 770 2454 Fascianus,
793 2385 910 2434 centuria
927 2382 1074 2740 lugeant}

1121 2486 1144 2521 a.
1164 2488 1189 2537 p.
1211 2472 1240 2522 C.
1255 2472 1316 2523 205.

287 2486 314 2543 2.
350 2503 416 2543 vex.
439 2484 567 2562 rigidius
591 2483 746 2553 Clrrestus,
771 2487 888 2536 centuria
900 2487 1020 2537 Victoris.
1329 2552 1341 2581 v

287 2589 314 2644 3.
350 2606 417 2645 vex.
440 2586 575 2646 Rennins
597 2585 696 2657 Felix,
720 2589 834 2638 centuria
853 2588 979 2649 Quintini.

287 2690 315 2746 4.
351 2707 417 2748 vex.
441 2688 542 2747 Titius
566 2685 757 2758 Saturninus,
780 2690 895 2740 centuria
913 2689 1025 2741 Iuvenis.

244 2797 280 2853 In
303 2797 426 2854 cohorte
440 2794 476 2853 V.
493 2795 615 2871 vigilum
638 2793 681 2852 hi:

287 2898 315 2956 5,
349 2916 415 2955 vex.
438 2896 474 2955 T.
492 2895 600 2956 Vibius
621 2896 779 2965 Paternus,
801 2899 916 2948 centuria
935 2897 1056 2950 Caeserni
1076 2899 1234 2952 Senecionis.

287 3002 314 3058 6.
350 3018 415 3057 vex.
427 2999 444 3055 7
455 2998 490 3056 L.
505 2998 719 3074 Hordion(ius)
731 2997 938 3073 Peculiar(is)‚
959 3002 1073 3051 centuria
1087 3003 1146 3052 Aeli
1163 3004 1297 3070 Torquati.

287 3103 314 3159 7.
349 3120 415 3161 vex.
439 3103 479 3160 Μ,
496 3100 676 3176 Cunnei(us)
693 3099 841 3173 Titianus,
864 3103 978 3153 centuria
996 3103 1068 3168 Ulpii
1087 3105 1221 3156 Rutiliani.

287 3204 313 3261 8.
349 3223 413 3262 vex.
437 3205 477 3263 M.
502 3203 605 3261 Iunius
626 3202 734 3273 Rufus,
757 3205 872 3255 centuria
891 3204 1016 3254 Taurisci.
1337 3216 1424 3276 va,
1448 3216 1529 3266 1057·
1552 3218 1565 3247 v

286 3307 313 3364 9.
349 3326 413 3363 vex.
437 3303 468 3366 S.
492 3303 667 3380 Claud(ius)
691 3304 789 3376 Felix,
813 3307 927 3356 centuria
947 3306 1095 3371 Auluporis.

269 3411 315 3466 10.
351 3427 416 3466 vex.
441 3408 475 3465 P.
498 3407 594 3466 lulius
617 3407 819 3484 Faustin(us)‚
842 3409 1162 3460 renturisC.1uliRufl.

269 3512 315 3567 ll.
350 3529 416 3568 vex.
438 3509 455 3565 7
477 3508 513 3568 L.
539 3508 690 3568 Domitius
712 3509 811 3579 Felix,
835 3511 950 3560 centuria
968 3511 1059 3560 Aureli
1077 3512 1150 3561 lusti.

247 3612 282 3669 In
305 3611 405 3670 eadem
428 3611 533 3688 paucis
555 3612 642 3670 annis
664 3620 733 3687 post
754 3609 797 3687 (p.
813 3608 848 3668 C.
866 3609 940 3685 210)
963 3610 1006 3666 hi:

270 3713 316 3770 12.
349 3733 415 3771 vex.
439 3712 473 3772 P.
499 3712 681 3789 Decim(ius)
704 3712 886 3784 Primianus,
913 3716 1027 3764 centuria
1040 3716 1165 3768 Valentis.

270 3817 316 3873 13.
351 3833 418 3872 vex.
440 3815 457 3871 7
479 3815 514 3873 L.
538 3816 681 3874 Aurelius
703 3814 882 3886 Felicianus,
906 3818 1020 3867 centuria
1034 3819 1131 3869 verini.

270 3917 317 3976 14.
354 3936 418 3975 vex.
443 3915 477 3975 Ο.
500 3918 686 3994 Pomponius
707 3917 804 3989 Felix,
828 3920 943 3969 centuria
961 3919 1074 3970 Romuli.

268 4019 315 4078 15.
351 4038 417 4078 vex.
438 4020 455 4076 7
477 4021 518 4078 Μ.
540 4021 645 4080 Iunius
667 4020 774 4090 Rufus,
796 4023 912 4071 centuria
930 4021 1061 4074 Sohaemi.

204 4125 322 4183 Desunt
344 4125 493 4184 vexillarii
512 4126 556 4184 ela
575 4135 688 4184 tantum
705 4125 858 4195 centuriis,
882 4142 1008 4202 quarum
1030 4125 1165 4184 laterculi
1189 4135 1242 4184 aut
1262 4144 1387 4203 prorsus
1403 4148 1530 4189 evanue-

204 4237 272 4285 runt
290 4237 341 4285 aut
358 4227 454 4285 mutili
476 4236 555 4286 sunt.
592 4229 669 4288 1058
693 4229 723 4286 in
746 4228 843 4305 prima
863 4229 997 4286 centuria
1017 4238 1119 4287 exstat
1140 4236 1212 4287 uota
1233 4230 1418 4308 praescripta
1436 4232 1531 4305 VEX,

204 4348 293 4405 <luam
321 4330 400 4405 quod
427 4350 534 4388 nomen
562 4339 696 4390 secutum
723 4332 778 4401 sit,
810 4329 936 4388 fortasse
964 4332 1065 4408 colligi
1091 4341 1192 4407 potest
1219 4351 1256 4391 ex
1282 4332 1374 4392 latere
1401 4333 1531 4394 adverso

204 4432 293 4490 huius
316 4431 435 4508 lapidis,
457 4433 487 4490 in
509 4450 569 4507 quo
592 4433 716 4509 legitur:

289 4533 336 4591 16.
371 4535 410 4592 Μ.
433 4534 564 4593 Minucio
587 4534 742 4594 Honorato
765 4537 876 4608 vexill,

203 4636 254 4711 qni
286 4654 388 4695 curam
419 4637 519 4714 operis
549 4636 678 4696 faciendi
709 4639 769 4717 egit
802 4660 860 4699 noa
889 4659 953 4698 cum
980 4637 1015 4698 (l.
1041 4640 1174 4700 Antonio
1202 4636 1326 4700 Antullo
1358 4644 1530 4703 centurione

204 4737 317 4814 primae
350 4739 510 4798 centuriae.
545 4771 583 4782 -
617 4740 742 4800 Praeter
772 4742 931 4802 laterculos
963 4742 1109 4802 vexillarii
1140 4744 1339 4803 centuriarum
1373 4745 1401 4802 in
1434 4747 1530 4806 titulis

204 4841 390 4917 reperiuntur
411 4841 456 4899 hi:

290 4945 336 5000 17.
371 4941 405 5002 (l.
426 4942 545 5002 Virrius
572 4945 721 5006 Iucundos
749 4949 837 5007 vexil.
863 4949 929 5007 coh.
952 4949 992 5007 II.
1018 4949 1074 5026 vig.
1098 4948 1259 5025 (centuria)
1280 4948 1394 5008 Viserti
1415 4950 1528 5010 Latini.

204 5044 289 5103 milit.
313 5064 380 5104 ann.
398 5046 456 5118 vt,
478 5066 554 5105 meo.
572 5046 648 5119 VII,
675 5049 739 5108 dies
759 5050 901 5123 XVIIII,
928 5052 1025 5110 ineis
1048 5061 1197 5125 tesserae,
1225 5051 1316 5128 optio,
1343 5053 1528 5113 vexillarius.

205 5148 265 5207 vix.
289 5167 356 5206 aun.
379 5148 508 5208 XXVII.
552 5152 628 5203 Pisis.
667 5153 712 5205 Or.
728 5154 807 5206 3480.

1122 2621 1150 2670 c.
1166 2620 1212 2682 v1,
1236 2621 1314 2673 1one.

1176 3712 1191 4071 1
1225 3877 1315 3939 cvr,
1339 3881 1416 3928 roae.
1440 3882 1450 3916 r
