3474 5812
211 481 283 556 536
779 497 960 550 nouusau

208 677 251 736 ita
281 678 311 735 in
343 675 600 734 administratione
629 673 767 732 Romana
797 672 988 750 explananda
1015 671 1120 730 horum
1150 689 1302 729 munerum
1329 671 1534 729 consideratio

208 781 318 839 iustum
341 779 437 837 locum
461 779 519 835 iam
538 777 720 834 infuturum
742 775 798 834 sibi
821 775 989 834 vindicabit.
1023 774 1059 831 ln
1080 792 1196 832 sununs
1217 793 1249 831 re
1270 773 1327 831 hoc
1347 773 1536 850 intellegitur

207 880 388 959 principales
414 880 588 956 adsignatos
615 896 682 937 esse
709 879 801 936 cuivis
830 877 964 935 militiam
986 878 1166 936 senatoriam
1189 887 1392 952 equestremve
1414 876 1454 934 ab
1476 877 1534 933 im·

207 999 344 1060 peratore
366 983 521 1053 adsecuto,
549 981 677 1058 demptis
700 990 799 1039 tamen
824 980 951 1038 fortasse
973 979 1100 1038 tribunis
1121 979 1272 1056 legionum
1294 978 1533 1055 angusticlaviis,

206 1088 317 1164 quippe
337 1086 445 1162 quibus
468 1083 663 1142 beneficiariis
685 1092 764 1141 certe
786 1101 862 1159 opas
885 1100 944 1140 non
958 1082 1087 1158 esset1).
1119 1081 1294 1140 Procuratio
1308 1081 1532 1157 provinciarum

207 1208 273 1246 cum
300 1188 470 1265 praesidatu
499 1187 657 1245 coniuncta
682 1205 747 1243 cum
774 1195 803 1243 et
829 1189 896 1262 ipsa
921 1185 1028 1243 militis
1048 1194 1144 1255 esset,
1172 1184 1295 1261 reliquis
1321 1201 1444 1260 qnoque·
1460 1202 1533 1259 pro·

207 1291 392 1349 curatoribus
415 1308 474 1346 non
497 1289 684 1365 praesidibus
705 1289 831 1364 ideoque
853 1289 891 1345 ab
913 1287 1037 1365 imperio
1059 1287 1180 1345 militari
1201 1306 1256 1364 per
1277 1304 1310 1345 se
1331 1285 1436 1345 alienis
1455 1285 1535 1343 nibi-

207 1393 338 1451 lominus
360 1391 542 1469 principales
565 1390 800 1449 attribuebantur
825 1390 927 1449 eodem
955 1391 1070 1462 favore,
1096 1408 1157 1466 quo
1183 1398 1338 1466 praeterea
1358 1407 1412 1464 per
1432 1389 1538 1447 omnia

207 1504 329 1553 utuntur
352 1502 453 1570 utpote
476 1493 565 1552 creati
581 1493 618 1550 ad
634 1492 899 1551 administrandam
920 1493 1107 1568 imperatoris
1129 1511 1191 1551 rem
1206 1495 1361 1570 privatam.
1390 1488 1535 1549 Ceterum

207 1607 241 1654 ut
267 1607 384 1656 constat
411 1596 521 1655 milites
549 1595 707 1654 attributos
730 1613 797 1654 csse
820 1596 1062 1671 procuratoribus
1082 1595 1119 1653 iis
1142 1596 1192 1672 qui
1213 1594 1382 1671 provincias
1403 1594 1536 1670 impera·

206 1701 297 1759 turias
320 1699 578 1768 administrabant,
601 1698 643 1755 ita
664 1697 765 1756 missis
787 1698 817 1755 in
841 1698 1006 1757 senatorias
1028 1698 1198 1773 provincias
1220 1697 1347 1755 inermes
1365 1714 1435 1754 num
1451 1695 1534 1754 idern

206 1801 254 1860 ius
276 1802 375 1873 luerit,
398 1801 519 1859 dubiurn
541 1810 596 1858 est.

289 1903 332 1964 Ut
353 1903 426 1961 nulli
447 1904 568 1961 fuerunt
582 1903 762 1980 principales
783 1903 822 1961 ab
836 1904 1015 1980 imperatore
1035 1904 1195 1980 nuncupati
1217 1901 1268 1977 (cl.
1284 1920 1313 1977 p.
1325 1902 1385 1959 400
1400 1922 1428 1959 n.
1443 1899 1534 1977 423),

205 2009 248 2065 ita
268 2007 319 2082 qni
341 2005 418 2064 infra
443 2014 610 2082 equestrem
636 2005 772 2063 militiam
800 2005 888 2081 positi
911 2015 981 2064 sunt
1005 2007 1191 2064 centuriones
1211 2006 1328 2081 ipsique
1349 2003 1535 2080 principales

205 2128 264 2166 non
292 2109 388 2185 magis
414 2106 593 2184 principales
619 2107 728 2165 babent
750 2107 806 2166 sibi
829 2107 1002 2185 adsignatos
1034 2107 1116 2183 (nam
1138 2107 1221 2184 optio
1242 2106 1423 2166 centurionis
1445 2116 1477 2165 et
1497 2127 1534 2163 re

205 2220 236 2268 et
255 2220 388 2287 tempore
409 2209 545 2268 diversus
567 2210 625 2285 est)
648 2210 718 2267 etsi
741 2210 791 2285 qui
814 2209 850 2268 iis
877 2210 1076 2269 attribuuntur
1098 2208 1248 2268 inferioris
1270 2209 1382 2285 gradum
1404 2209 1532 2279 milites,

204 2312 357 2371 adiutores
383 2312 521 2370 dicuntur
542 2312 588 2369 vel
613 2311 774 2384 discentes;
808 2312 866 2370 nisi
889 2312 968 2388 quod
995 2331 1084 2371 unum
1111 2312 1229 2370 titulum
1252 2312 1393 2371 habemus
1415 2311 1535 2370 librarii

200 2418 353 2492 principis,
376 2414 411 2471 de
434 2432 492 2490 quo
515 2413 578 2471 dixi
601 2431 694 2490 supra
715 2433 744 2489 p.
761 2412 830 2473 232.

287 2516 503 2586 Proconsules,
536 2522 637 2592 utpote
667 2516 717 2591 qui
746 2517 856 2576 honore
886 2527 1006 2575 utantur
1031 2535 1089 2575 non
1117 2518 1155 2575 ab
1183 2518 1361 2593 imperatore
1390 2517 1448 2575 sibi
1478 2517 1531 2576 tri·

205 2620 291 2691 buta,
314 2637 368 2676 nec
390 2618 498 2676 milites
520 2636 573 2675 nec
594 2618 776 2695 principales
798 2636 870 2677 suos
892 2619 1001 2677 babere
1022 2620 1154 2695 potuisse
1177 2620 1247 2678 olim
1269 2619 1452 2678 intellectum
1472 2626 1530 2692 est,

205 2740 382 2798 quamquam
409 2739 487 2797 quae
512 2721 580 2778 inde
606 2730 763 2778 moventur
784 2720 973 2780 difficultates
995 2738 1182 2798 nequaquam
1205 2722 1279 2781 satis
1302 2722 1437 2780 sublatae
1459 2732 1533 2781 sunt

204 2833 234 2882 et
255 2823 384 2881 sortasse
405 2822 617 2880 admittendum
634 2822 690 2881 erit
704 2824 837 2896 armatis,
859 2842 933 2900 quos
948 2824 1049 2882 finium
1072 2824 1262 2883 tutandorum
1284 2843 1377 2884 cansa
1392 2826 1531 2884 civitates

204 2926 262 2984 sibi
285 2925 517 2996 constituebant,
540 2925 626 2982 etiam
649 2924 802 3001 praesides
823 2926 888 2982 iure
909 2926 1028 2984 militari
1051 2937 1187 2986 carentes
1211 2928 1251 2985 uti
1274 2928 1417 3002 potuisse.
1461 2926 1531 2986 Hoc

203 3028 281 3087 enim
296 3045 391 3105 genus
407 3027 537 3098 militiae,
554 3026 635 3102 quod
651 3045 743 3102 supra
755 3048 783 3103 p.
794 3028 853 3087 519
866 3029 1026 3104 tetigimus,
1041 3029 1105 3086 sine
1120 3029 1208 3087 dubio
1223 3029 1282 3088 late
1297 3031 1403 3106 patuit.
1430 3029 1479 3090 De
1491 3051 1531 3090 eo

202 3131 330 3189 fortasse
352 3129 493 3206 cogitavit
514 3128 663 3206 Ulpianus
687 3128 973 3205 (Dig.1,16,4,1),
999 3130 1061 3188 ubi:
1084 3151 1162 3189 nemo
1180 3132 1399 3208 proconsulum,
1421 3135 1530 3209 inquit,

203 3241 338 3292 amatores
360 3252 425 3290 suos
441 3232 541 3289 babere
559 3242 660 3306 potest,
682 3233 731 3290 sed
744 3236 802 3289 vice
824 3250 919 3290 eoram
940 3235 1042 3291 milites
1063 3237 1218 3292 ministerio
1240 3237 1439 3311 iaproer'act'r's
1454 3239 1529 3311 san-

200 3345 314 3410 ρωπίαν.
348 3331 407 3392 Sed
431 3354 484 3392 nec
506 3335 578 3392 haec
600 3333 697 3391 obiter
719 3334 873 3410 explanari
892 3344 1020 3412 possunt
1042 3355 1096 3393 nec
1118 3336 1165 3394 hic
1186 3338 1377 3395 tractabimus
1400 3337 1437 3396 de
1460 3355 1530 3413 pro·

202 3436 376 3494 consulibus
410 3436 538 3508 duobus,
572 3437 620 3512 qui
648 3438 852 3511 exceptionem
879 3436 1005 3511 iaciunt,
1040 3436 1194 3498 Sardiniae
1221 3448 1250 3497 ct
1275 3439 1403 3497 Africae.
1447 3438 1531 3498 Nam

203 3535 343 3596 Sardinia
368 3556 548 3614 quamquam
575 3557 593 3594 a
615 3537 734 3597 Nerone
761 3540 798 3596 ad
822 3537 1016 3598 Commodum
1043 3559 1060 3597 a
1086 3542 1314 3616 proconsulibus
1340 3541 1531 3600 administra·

203 3640 299 3713 batur,
322 3640 513 3699 nihilominus
534 3640 621 3698 etiam
645 3659 679 3697 eo
701 3653 834 3716 tempore
856 3643 953 3700 iustus
976 3645 1123 3701 exercitus
1147 3644 1176 3701 in
1198 3644 1297 3702 insula
1311 3645 1381 3716 iuit3
1403 3644 1532 3702 Africae

203 3753 300 3801 autem
334 3742 494 3819 proconsul
522 3753 554 3800 ut
580 3752 647 3800 ante
674 3741 782 3801 Gaium
815 3744 941 3820 imperio
970 3746 1089 3803 militari
1119 3764 1189 3804 usus
1221 3759 1266 3804 est
1292 3747 1389 3804 iustae
1415 3746 1532 3822 legioni

202 3845 382 3920 auxiliisque
404 3845 467 3903 eius
491 3865 548 3902 non
573 3845 660 3903 aliter
679 3846 828 3921 imperans
850 3855 937 3922 atquc
959 3848 1048 3924 legati
1065 3847 1168 3924 Syriae
1190 3859 1220 3907 et
1235 3847 1464 3907 Germaniarum
1487 3848 1533 3906 le-

201 3947 339 4024 gionibus
363 3947 423 4005 suis
447 3948 646 4023 imperabant,
672 3949 713 4005 ita
735 3957 840 4024 postea
862 3967 980 4024 quoque
1002 3952 1127 4009 testibus
1150 3963 1209 4008 tarn
1233 3951 1340 4009 Tacito
1362 3969 1452 4026 quam
1474 3951 1532 4009 inr-

201 4059 338 4127 peratore
350 4048 504 4107 Hadriano
521 4049 548 4108 in
565 4050 698 4108 oratioue
710 4048 942 4109 Lambaesitana
953 4061 1065 4127 partem
1082 4053 1210 4127 aliquam
1224 4053 1373 4112 exercitus
1387 4052 1530 4111 Africani

202 4171 300 4211 secum
324 4152 436 4209 habuit.
470 4148 645 4227 ‘Aequatmn
668 4147 835 4227 imperium'
857 4154 934 4211 inter
956 4155 1161 4228 proconsulem
1184 4153 1370 4231 legatumque
1392 4155 1534 4218 Africae,

202 4255 286 4313 cuius
302 4253 425 4311 Tacitus
448 4254 589 4324 meminit,
613 4274 679 4312 cum
701 4254 780 4312 tituli
803 4254 945 4313 militares
967 4257 1018 4330 qui
1039 4256 1134 4315 adhuc
1155 4276 1193 4315 ex
1212 4256 1318 4315 Africa
1334 4258 1535 4318 innotuerunt

201 4375 261 4414 non
288 4358 360 4414 satis
386 4355 576 4425 elucidarint,
604 4356 714 4431 prodiit
735 4377 830 4433 nuper
850 4357 887 4414 ad
910 4355 1050 4416 Simitthu
1079 4359 1179 4433 (bodie
1203 4358 1355 4435 Schemtu)
1382 4362 1533 4437 oppidum

201 4458 373 4534 provinciae
396 4457 619 4533 proconsularis
642 4459 668 4515 is
691 4459 741 4533 qui
765 4460 909 4534 sequitur,
936 4477 1022 4534 quem
1049 4460 1170 4519 missum
1193 4462 1230 4518 ab
1253 4463 1365 4537 optimo
1387 4482 1531 4524 curarum

201 4569 370 4618 nostrarum
398 4560 533 4615 adiutore
563 4556 673 4616 Carolo
697 4559 802 4618 Tissot
827 4562 965 4635 quoniam
996 4562 1131 4639 syllogae
1160 4573 1280 4621 nostrae
1308 4565 1438 4623 inserere
1468 4587 1531 4626 non

200 4663 352 4739 potuimus
375 4660 524 4718 volumine
546 4661 603 4718 iam
627 4661 773 4734 absoluto,
797 4662 933 4720 hocloco
955 4663 1074 4740 publice
1096 4665 1210 4722 edimus
1233 4665 1351 4742 dignum
1374 4686 1458 4738 sane,
1474 4671 1530 4745 qui

199 4783 259 4821 nou
282 4765 386 4821 lateat:

278 5096 301 5157 ¹)
329 5098 395 5147 Vide
415 5114 439 5161 p.
453 5099 505 5147 394
525 5098 584 5146 adn.
624 5099 678 5146 Hos
702 5116 802 5164 quoque
828 5109 925 5151 creatos
950 5118 1004 5151 esse
1029 5103 1061 5151 ab
1086 5104 1240 5167 imperatore
1265 5116 1336 5155 extra
1361 5104 1470 5155 dubium
1490 5114 1531 5156 est

201 5189 262 5250 (rol.
275 5190 318 5240 111
336 5204 362 5239 n.
377 5191 444 5252 3353
464 5190 496 5240 cf.
510 5186 668 5241 Staatsrcclt
681 5193 705 5253 2,
721 5193 802 5254 tta).
1525 5197 1529 5206 “
