3474 5812
148 519 199 569 aas
662 513 745 566 voa.
761 496 800 565 vt
820 514 928 566 Plau.
943 515 967 564 1.
1407 495 1479 566 327

146 688 218 748 898
244 689 374 746 Ioannes
397 685 533 747 Schmidt
559 688 663 764 primis
691 688 845 746 mensibus
872 707 899 746 s.
918 687 996 746 1879
1020 699 1123 747 nostra
1142 706 1237 746 causa
1258 689 1484 764 diligentissime

188 791 307 861 titulos,
336 791 386 866 qui
413 792 444 848 in
471 789 614 848 tabularii
636 788 801 866 Capitolini
827 790 943 848 horreis
967 798 1134 862 servantur,
1162 791 1335 850 describens
1358 792 1482 851 utilissi-

188 913 268 953 mam
295 911 418 969 operam
443 892 588 968 impendit
618 892 649 950 in
678 891 846 968 fragmenta
874 893 991 951 basium
1018 910 1253 951 marmorearum
1279 894 1311 951 in
1337 894 1483 952 lateribus

189 998 312 1055 nomina
348 995 474 1053 militum
513 994 771 1071 praetorianorum
809 1014 863 1070 per
899 999 1049 1054 centurias
1086 995 1236 1073 disposita
1268 996 1482 1069 exhibentium,

191 1118 268 1176 quae
290 1115 346 1173 ego
369 1118 387 1156 a
408 1097 550 1155 Kaibelio
573 1097 763 1172 potissimum
786 1098 906 1156 adiutus
929 1106 1017 1155 antea
1038 1097 1254 1173 descripseram
1280 1108 1310 1157 et
1331 1099 1483 1158 edideram

191 1203 246 1259 sub
269 1219 298 1256 u.
316 1198 407 1258 2385.
432 1197 523 1257 2388.
548 1199 639 1257 2390.
662 1197 753 1257 2391.
777 1198 857 1256 2393
882 1198 932 1273 (cf.
955 1199 1104 1258 Addeuda
1125 1218 1153 1275 p.
1170 1199 1255 1275 868).
1298 1198 1378 1259 Nam
1399 1208 1428 1258 et
1441 1201 1484 1259 la-

190 1303 309 1379 pidibns
341 1302 404 1358 luto
435 1311 466 1358 et
497 1301 578 1358 calce
610 1303 707 1359 tenaci
738 1300 838 1359 oblitis
870 1302 976 1359 sedulo
1009 1303 1145 1378 purgatis
1173 1303 1339 1378 litterisque
1366 1302 1483 1361 detritis

190 1423 283 1479 opera
310 1403 458 1479 frequenti
485 1403 644 1479 diiigenter
671 1403 848 1462 examinatis
871 1404 952 1461 haud
976 1422 1071 1478 pauca
1093 1412 1172 1463 recte
1195 1403 1267 1481 legit
1291 1422 1370 1479 quae
1396 1413 1485 1462 antea

192 1506 238 1564 vel
265 1505 343 1563 male
370 1505 449 1562 lecta
476 1505 523 1563 vel
550 1505 673 1563 omnino
699 1523 757 1563 non
784 1505 905 1582 cognita
930 1515 1016 1563 erant
1041 1514 1071 1563 et
1092 1506 1223 1583 lapidum
1245 1506 1414 1584 generibus,
1436 1507 1485 1564 lit·

192 1621 320 1667 terarum
344 1617 460 1677 natura,
483 1606 552 1665 aliis
576 1606 696 1666 indiciis
718 1607 876 1684 diligenter
898 1607 1095 1666 consideratis
1111 1609 1191 1666 haud
1205 1627 1304 1684 pauca
1318 1607 1486 1684 fragmenta

192 1713 238 1769 vel
260 1710 409 1787 quomodo
432 1711 641 1786 coniungenda
662 1709 707 1766 vel
730 1711 814 1768 cuius
842 1709 923 1768 basis
949 1719 1049 1769 essent
1074 1717 1125 1768 aut
1150 1719 1232 1769 certo
1257 1711 1413 1784 perspexit
1434 1719 1486 1768 aut

193 1814 366 1873 coniectura
387 1813 537 1888 probabili
559 1812 713 1871 divinavit.
761 1810 827 1870 Nos
854 1832 893 1870 ex
918 1812 956 1870 iis
978 1830 1055 1888 (puae
1077 1811 1150 1889 legit
1171 1811 1219 1871 vel
1240 1811 1416 1889 recognovit
1437 1811 1485 1869 bic

193 1917 350 1995 posuimus
374 1915 501 1992 potiora.

194 2139 234 2198 N.
252 2138 358 2198 23850
386 2138 564 2197 examinatis
592 2138 751 2218 diligenter
777 2147 807 2197 et
828 2158 974 2196 marmore
995 2147 1025 2196 et
1046 2138 1143 2197 forma
1165 2138 1247 2198 basis
1270 2158 1288 2196 a
1309 2137 1484 2215 fragmentis

154 2241 259 2301 83855
286 2240 529 2318 distinguendum
560 2258 628 2299 esse
653 2241 809 2318 perspexit
837 2239 988 2312 Schmidt,
1017 2241 1068 2316 qui
1097 2241 1198 2300 addito
1228 2241 1395 2319 fragmento
1421 2259 1484 2298 ver·

154 2364 240 2404 suum
258 2343 338 2401 2-5
361 2345 533 2421 composuit
554 2344 611 2401 sic:

578 2557 658 2607 torp.
694 2566 793 2596 caes.
830 2557 843 2595 1.
879 2556 1072 2606 septimio

578 3167 675 3209 manet
705 3180 712 3194 ·
740 3167 913 3209 ΑΝΤοιιίιιι·
940 3179 1076 3219 perman

579 3268 615 3309 SA
674 3282 679 3295 ·
714 3270 720 3296 ¹
748 3281 754 3295 ·
789 3273 828 3311 11
852 3271 957 3313 commodi·
982 3270 1000 3319 l
1032 3271 1077 3311 atet

607 3325 794 3491 ipsodicente·
804 3375 840 3428 po
853 3372 956 3416 aanor
976 3387 982 3401 ·
1002 3348 1108 3414 orvi*

511 3480 536 3518 10
579 3476 675 3518 hDR·
711 3476 892 3529 rumpotdlatt
941 3474 1077 3517 1·ΡΑ111“·

580 3489 883 3622 efNEPoMs‘atamue
963 3578 1017 3620 Db
1061 3578 1077 3618 P

426 3700 430 3709 .
581 3664 656 3722 eohl
692 3688 746 3724 raet.
758 3695 782 3735 p.
797 3695 818 3724 ιι.
833 3683 854 3724 d.
868 3693 889 3723 ιι.
903 3693 946 3734 mq.
961 3683 981 3724 si

159 3877 304 3937 Notanda
324 3877 465 3937 salutatio
483 3880 676 3956 imperatoria
690 3880 751 3938 XV
766 3880 925 3938 coniuncta
943 3899 1010 3938 cum
1029 3897 1153 3937 numero
1173 3877 1348 3937 tribuniciae
1362 3883 1492 3954 potesta·

159 3982 198 4038 tis
214 3979 319 4051 XVII,
340 3999 405 4038 cum
421 3981 576 4060 hucusque
603 3994 663 4040 tam
690 3983 903 4059 inscriptiones
925 3999 1013 4057 quam
1037 3980 1147 4039 nummi
1170 3989 1203 4039 ut
1225 3980 1357 4039 ultimam
1380 3978 1492 4037 saluta·

160 4083 270 4142 tionem
294 4084 516 4159 imperatoriam
538 4085 697 4143 habuerint
717 4085 935 4143 duodecimam.

724 4355 929 4365 *οι-.-

204 4579 252 4636 De
274 4600 303 4637 n.
321 4577 424 4638 2385b
447 4578 629 4639 Schmidtius
653 4581 819 4657 disputavit
840 4582 926 4639 haec:

204 4676 334 4758 ‘Corpus
365 4682 613 4757 fragmentorum,
646 4683 726 4758 qnod
755 4684 810 4741 sub
838 4703 867 4741 n.
892 4685 904 4740 1
936 4682 1106 4758 composui,
1139 4681 1227 4740 trium
1256 4679 1340 4739 basis
1369 4680 1493 4739 laterum

163 4796 263 4860 partes
290 4783 505 4858 complectitur.
550 4783 678 4843 Constat
703 4794 741 4842 ex
768 4784 958 4859 fragmentis,
985 4803 1063 4859 quae
1085 4783 1206 4841 suntin
1230 4780 1265 4841 0.
1280 4782 1305 4840 1.
1321 4781 1357 4840 L.
1379 4783 1494 4841 volvi

163 4907 192 4944 n.
206 4885 320 4958 13855,
338 4885 385 4942 17.
403 4883 431 4941 8.
447 4903 475 4941 n.
488 4883 592 4945 23930
606 4883 679 4961 (uisi
693 4885 774 4962 quod
789 4886 928 4945 dextrum
944 4885 1022 4943 latus
1038 4885 1079 4943 ibi
1095 4885 1240 4942 omissum
1257 4883 1316 4958 est)
1338 4905 1366 4942 n.
1379 4884 1494 4955 93855,

167 4989 213 5046 13.
233 4989 259 5045 l.
277 4987 305 5046 6.
323 4984 371 5044 20.
389 4985 406 5042 7
429 5005 496 5044 cum
510 4986 579 5045 add.
599 5007 630 5065 p.
646 4985 717 5047 888.
761 4985 847 5063 Quae
867 4987 1036 5064 fragmenta
1057 5005 1136 5045 nunc
1157 4985 1217 5043 alia
1239 4996 1396 5044 servantur
1416 4986 1495 5044 inter

162 5089 297 5165 reposita
319 5087 461 5151 tabularii
482 5086 526 5164 (ιι.
541 5084 670 5163 288555,
682 5086 732 5149 17.
750 5086 799 5151 18.
814 5086 897 5149 287
918 5106 986 5149 oum
1008 5089 1087 5162 add,
1108 5089 1268 5165 fragmenti
1291 5109 1320 5144 n.
1338 5087 1453 5159 13855,
1476 5087 1493 5143 6

163 5208 234 5266 pars
257 5189 404 5268 superior,
425 5187 605 5270 8239811),
624 5188 741 5253 din-fu
759 5180 886 5255 adibus
906 5198 1151 5251 conservatorum
1173 5189 1266 5248 affixa
1288 5199 1358 5248 sunt
1376 5188 1494 5266 parieti,
