3474 5812
498 1696 932 1813 HEMEROLOGH
969 1697 1271 1811 ALLIFANI

581 1896 925 1973 FRAGMENTVM
952 1899 1182 1975 TERTIVM.

608 2144 611 2149 ,
643 2089 714 2149 (Vol.
729 2091 742 2139 1
762 2105 786 2154 p.
802 2091 868 2163 2993
889 2089 956 2156 Eph.
969 2090 1011 2140 111
1031 2106 1055 2155 p.
1071 2091 1125 2152 85.)

207 2278 306 2424 Rae
320 2371 471 2440 repertum
486 2363 686 2440 fragmentum
705 2362 898 2439 hemerologii
915 2363 1040 2421 Allifani
1061 2363 1125 2421 dies
1141 2364 1296 2422 continens
1314 2363 1391 2439 Aug.
1408 2365 1442 2421 ll
1454 2398 1490 2407 -
1501 2364 1548 2436 19,

207 2467 291 2544 quod
320 2466 469 2539 edidimus
495 2465 584 2522 huius
606 2466 673 2541 eph.
696 2465 816 2522 vol.III
838 2485 865 2541 p.
884 2464 933 2536 85,
963 2465 1184 2542 adiungendum
1213 2466 1290 2542 parti
1320 2465 1431 2524 dudum
1461 2477 1550 2524 notae

206 2571 312 2628 editae
334 2569 366 2624 iu
389 2567 523 2642 corporis
548 2566 635 2623 voli
658 2587 687 2642 p.
705 2564 778 2636 299,
807 2586 878 2623 mox
899 2567 960 2624 alia
986 2568 1135 2644 particula
1163 2569 1274 2643 prodiit
1295 2569 1409 2626 dierum
1433 2567 1546 2644 Aug.9

192 2672 289 2727 ⁴--ll
320 2671 423 2743 itaque
445 2673 621 2728 continuans
645 2667 675 2724 id
698 2669 778 2744 quod
800 2688 894 2746 nuper
909 2670 1067 2728 edidimus.
1100 2669 1170 2726 Vidi
1193 2670 1257 2745 ipse
1280 2677 1310 2728 ct
1328 2669 1474 2745 descripsi
1490 2666 1547 2728 Ca·

202 2793 288 2851 puae
312 2772 342 2828 in
368 2788 471 2828 museo
495 2771 628 2845 publico,
658 2770 708 2827 ubi
736 2769 823 2827 hodie
846 2771 904 2827 duo
927 2790 1022 2847 nuper
1043 2781 1162 2847 reperta
1183 2771 1395 2843 adservantur,
1422 2791 1489 2830 cum
1518 2769 1550 2829 id
1631 2793 1635 2800 ·

201 2874 293 2951 qnod
321 2872 438 2949 pridem
466 2872 654 2930 eruderatum
682 2881 729 2929 est
756 2864 873 2948 prostet
894 2871 1024 2950 Neapoli
1046 2874 1077 2931 in
1100 2891 1204 2931 museo
1228 2875 1361 2950 publico;
1391 2871 1448 2931 ho'c
1469 2872 1549 2931 enim

202 2977 377 3034 voluerunt
406 2973 469 3033 sive
496 2973 624 3032 latorum
650 2973 793 3048 iniquitas
822 2976 886 3033 sive
912 2993 1002 3032 caeca
1027 2975 1182 3032 hominum
1211 2976 1326 3046 studia,
1357 2984 1390 3033 ut
1415 2975 1549 3033 eiusdem

199 3076 362 3156 praeclari
386 3076 567 3133 monumenti
594 3077 710 3133 lacerae
738 3076 880 3151 reliquiae
907 3063 1062 3152 expositae
1085 3078 1145 3134 siut
1170 3078 1200 3134 in
1223 3077 1338 3136 duobus
1361 3077 1473 3135 muscis
1497 3096 1552 3153 pu·

199 3181 300 3240 blicis
324 3178 472 3236 ambobus
494 3186 524 3236 et
545 3178 690 3235 ambobus
713 3178 808 3234 Italis.
844 3177 959 3235 Prodiit
979 3177 1009 3236 in
1032 3179 1106 3237 actis
1130 3179 1282 3237 societatis
1299 3176 1472 3255 Campanae
1493 3175 1548 3237 Ca-

199 3281 344 3342 sertanis
368 3299 393 3337 a.
414 3279 491 3337 1876
516 3298 545 3354 p.
562 3279 599 3337 68
623 3297 686 3354 seq.
730 3278 814 3338 Haec
836 3287 934 3338 autem
957 3288 1027 3338 sunt
1049 3299 1127 3357 quae
1147 3281 1179 3340 in
1199 3298 1235 3338 eo
1257 3281 1405 3360 leguntur.

303 4307 387 4364 Haeo
403 4305 549 4381 particula
563 4315 596 4362 ut
610 4305 728 4381 exigua,
744 4305 787 4363 ita
801 4321 991 4381 nequaquam
1006 4303 1121 4361 inutilis
1137 4315 1191 4360 est.
1222 4303 1355 4363 Primum
1371 4305 1552 4365 sacrificium

212 4410 373 4486 publicum
397 4404 461 4465 Soli
484 4407 606 4481 indigeti
630 4409 763 4466 oblatum
791 4409 820 4465 in
843 4407 918 4465 colle
942 4403 1091 4479 Quirinali
1114 4425 1181 4463 cum
1204 4406 1301 4465 adhuc
1323 4407 1486 4466 dubitatum
1513 4409 1553 4465 sit

217 4522 319 4568 utrum
343 4508 530 4567 referendum
552 4509 592 4566 sit
607 4509 643 4566 ad
660 4509 735 4566 diem
754 4511 831 4588 Aug.
848 4509 865 4567 8
889 4527 955 4566 cum
971 4507 1318 4584 hemerologioVallensi
1334 4527 1372 4567 an
1388 4509 1425 4567 ad
1441 4508 1551 4585 Aug.9

218 4632 287 4670 curn
312 4589 511 4682 Amiternino,
543 4611 601 4667 iam
630 4611 698 4668 huic
727 4612 872 4670 calculum
901 4610 993 4669 adicit
1022 4609 1123 4668 tabula
1150 4609 1294 4669 Allifano.
1337 4610 1462 4670 Maioris
1490 4629 1553 4668 mo-

219 4713 313 4771 menti
339 4722 397 4784 est,
427 4713 505 4788 quod
533 4713 602 4769 hinc
627 4712 770 4770 discimus
796 4711 954 4788 pristinam
983 4721 1082 4790 notam
1111 4711 1168 4769 diei
1196 4713 1323 4790 Aug.9,
1350 4730 1426 4787 quae
1455 4712 1552 4770 adhuc

220 4815 423 4891 ignorabatur,
447 4814 539 4872 luisse
560 4830 588 4885 123
613 4832 680 4871 nam
697 4832 762 4871 cum
779 4814 898 4871 tabulae
919 4813 1064 4888 reliquae,
1087 4813 1241 4889 inquibus
1264 4815 1290 4871 is
1306 4814 1370 4872 dics
1393 4814 1551 4886 inuenitur,

219 4917 385 4974 Maffeiana
411 4915 561 4973 Vallensis
590 4915 775 4973 Amiternina
801 4915 958 4973 Antiatina
982 4923 1081 4972 notam
1106 4915 1237 4973 habeant
1258 4932 1301 4985 re,
1330 4915 1384 4973 has
1407 4914 1499 4974 ferias
1523 4924 1554 4972 ut

221 5020 387 5094 apparebat
401 5017 548 5093 proficisci
565 5036 602 5074 ex
619 5017 744 5092 victoria
759 5017 936 5075 Pharsalica
957 5035 984 5074 a.
1001 5017 1071 5088 706,
1095 5018 1137 5075 ita
1158 5017 1241 5075 cuius
1263 5016 1382 5094 generis
1397 5017 1461 5075 dies
1484 5025 1553 5074 ante

219 5118 327 5178 luisset
347 5119 569 5196 ignorabamus.
606 5119 654 5176 Ex
671 5118 825 5177 duodecim
848 5119 939 5196 igitur
960 5119 1075 5192 diebus,
1099 5138 1226 5196 fluorum
1249 5118 1336 5177 voll
1359 5137 1388 5196 p.
1406 5117 1465 5176 366
1489 5118 1553 5177 dixi

302 5220 349 5279 IV
1332 5220 1345 5276 l
