3474 5812
537 496 840 549 onsnuvnrtonus
866 498 1150 550 arrouarntcaa.
1436 478 1507 548 217

224 673 343 732 referemus
368 669 465 746 legem
492 688 511 726 a
537 669 702 728 Ritsehelio
735 671 864 745 (priscae
891 671 957 729 Lat.
985 690 1063 730 mon.
1093 693 1121 749 p.
1147 671 1217 747 123)
1246 673 1289 729 ita
1314 673 1509 730 enuntiatam:

224 773 354 852 'geminatio
376 772 604 831 consonantium
627 772 711 830 nulla
732 781 800 832 ante
815 774 955 844 Ennium,
978 774 1068 832 ferme
1083 795 1121 832 ex
1143 792 1238 849 aequo
1254 775 1400 832 fluctuans
1423 774 1460 831 ab
1483 794 1509 833 a.

225 875 305 935 'etto
320 875 355 932 ad
377 873 448 946 620,
470 873 645 950 praevalens
669 875 706 931 ab
729 894 755 932 a.
774 874 833 933 620
856 877 894 934 ad
917 877 987 947 640,
1009 878 1071 934 fere
1095 886 1235 935 constans
1257 876 1294 934 ab
1317 896 1345 934 a.
1361 894 1385 934 c.
1402 871 1485 935 sto’.

282 976 303 1034 l.
338 965 472 1057 Μᾶαρκος
492 987 635 1052 perpetuo
655 977 809 1048 scribitur;
833 978 886 1035 sed
906 999 970 1037 eam
991 978 1116 1036 sormam
1132 997 1150 1034 a
1165 978 1223 1037 fine
1243 979 1354 1037 saeculi
1375 979 1453 1036 sexti
1474 979 1511 1036 ad

225 1081 299 1139 acutis
315 1078 520 1154 imperatoriae
541 1079 628 1137 initia
649 1080 680 1136 in
703 1098 758 1137 usu
781 1078 875 1139 fuisse
899 1081 970 1139 alibi
992 1081 1194 1140 demonstravi
1211 1081 1303 1156 (Eph.
1323 1082 1335 1136 l
1354 1100 1383 1155 p.
1397 1079 1482 1155 286).

283 1181 303 1238 3.
338 1201 356 1237 a
376 1180 487 1238 Latina
509 1181 642 1255 seqnitur
664 1182 745 1257 leges
773 1192 946 1255 consuetam
976 1184 1089 1241 scilieet
1115 1184 1164 1240 ubi
1189 1183 1299 1241 vocalis
1322 1192 1367 1241 est
1388 1192 1418 1241 et
1444 1203 1512 1259 pro-

226 1285 313 1355 ducitur,
335 1291 576 1358 repraesentatur
601 1284 710 1341 litteris
737 1306 782 1342 oa:
810 1276 936 1352 Ἰούλιος,
956 1276 1094 1356 florianam
1122 1286 1171 1343 ubi
1194 1284 1307 1343 voealis
1330 1293 1427 1343 estet
1450 1305 1512 1343 eor-

226 1385 306 1460 ripitur,
323 1393 560 1462 repraesentatur
582 1386 756 1459 plerumque
778 1386 877 1444 littera
900 1409 927 1444 o:
950 1387 1001 1459 ita,
1026 1397 1058 1445 ut
1078 1389 1192 1445 mittam
1208 1379 1321 1447 Κόιντος
1337 1395 1366 1444 ει
1380 1377 1513 1454 Πόπλιος,

182 1532 186 1565 .
227 1487 325 1544 scribitur
341 1477 515 1555 ’Λππολῆιες
537 1495 567 1545 et
586 1480 775 1570 Κροστομείνεε
798 1490 848 1564 (cl.
870 1490 1081 1565 Dittenberger
1102 1490 1241 1547 Herouss
1264 1509 1292 1564 p.
1311 1488 1394 1563 282).
1434 1488 1513 1548 Con·

228 1589 312 1646 tretium
331 1588 403 1647 foret
426 1608 453 1645 v.
471 1587 508 1646 21
530 1581 705 1672 Ρο[ε’βρι]οε,
729 1591 780 1647 sed
802 1610 878 1666 quae
900 1592 978 1649 intra
1000 1610 1092 1649 uticus
1114 1593 1203 1668 posui
1218 1591 1431 1668 Papadopulus
1454 1611 1513 1649 nou

228 1689 338 1748 dditnec
362 1691 435 1749 satia
465 1691 524 1749 fida
551 1701 630 1748 sunt.
680 1690 812 1751 Diversa
837 1694 952 1752 ratione
980 1714 1035 1769 pro
1063 1695 1295 1752 tisubstitnitur
1327 1693 1427 1751 littera
1448 1716 1460 1749 ε
1483 1694 1514 1751 in

200 1814 204 1819 ·
228 1792 340 1850 vocabulis
359 1783 476 1851 haimos
498 1805 528 1851 et
548 1785 708 1866 occultare,
729 1813 806 1870 quas
828 1796 940 1854 formas
964 1797 1001 1853 nd
1017 1796 1192 1854 Latinorum
1208 1795 1307 1854 Louc-
1329 1805 1408 1854 recte
1430 1815 1513 1854 revo-

229 1892 320 1953 cabimus
346 1894 395 1971 (el.
425 1894 636 1973 Dittenberger
667 1897 687 1953 l.
715 1917 739 1954 e.
763 1917 792 1972 p.
814 1897 888 1972 310)
922 1908 951 1956 et
981 1889 1152 1980 Νεμετώριος
1184 1898 1410 1973 (Dittenberger
1441 1899 1460 1955 l.
1488 1917 1513 1955 c.

229 2011 248 2068 p.
257 1992 322 2072 tsi),
341 1997 408 2055 item
431 1996 531 2053 littera
553 2018 569 2052 υ
592 1998 622 2056 in
644 1993 783 2080 Oderapr'cc
805 2010 833 2057 et
856 2001 884 2057 in
909 2002 1002 2058 altero
1022 1992 1182 2069 Ῥωμυλιά,
1209 2001 1257 2058 nbi
1280 1999 1440 2074 respondet
1467 2000 1515 2056 lit·

198 2139 202 2145 .
229 2100 312 2155 emt
329 2118 390 2157 cnm
412 2103 424 2156 i
445 2099 616 2158 alternanti.
664 2100 801 2176 Denique
823 2123 841 2159 a
864 2121 1033 2162 consonans
1056 2103 1146 2161 solito
1173 2122 1255 2160 more
1277 2102 1409 2160 redditur
1432 2124 1462 2157 ον
1485 2101 1515 2159 in

195 2230 198 2235 ·
229 2191 358 2277 ltptluilaec
377 2192 558 2282 (Kapolv'hras
580 2202 681 2279 Pap).
704 2195 861 2281 Ου’(ἷλιγνος,
887 2199 1024 2286 Οὗετυρῖα
1048 2204 1275 2280 (Dittenberger
1296 2205 1316 2261 l.
1334 2223 1359 2261 c.
1382 2223 1412 2279 p.
1429 2203 1514 2278 303),

228 2296 332 2361 advent
349 2305 378 2360 in
395 2294 548 2363 Ὀκεαύνος
563 2304 684 2379 (ibidem
701 2325 729 2380 p.
746 2307 830 2381 306).
855 2309 915 2365 Pro
930 2311 997 2383 qui·
1013 2308 1159 2381 reperitur
1174 2305 1263 2364 modo
1278 2329 1336 2363 κοι-
1354 2308 1383 2363 in
1398 2296 1515 2366 Κόιντος

227 2397 398 2482 ciuilibusque,
420 2405 509 2463 modo
531 2429 580 2462 aa·
605 2407 635 2464 iu
657 2401 776 2488 Kapria
798 2408 1025 2485 (Dittenberger
1048 2409 1067 2467 l.
1090 2428 1115 2468 e.
1139 2429 1168 2484 p.
1185 2407 1269 2485 299).

284 2505 305 2563 l.
334 2513 347 2565 i
363 2507 473 2565 Latina
488 2509 549 2566 abit
564 2509 594 2566 in
609 2533 622 2564 ε
638 2511 668 2566 in
683 2502 814 2586 κομεείῳ,
828 2502 998 2592 Νεμετώριος
1011 2510 1236 2588 (Dittenberger
1251 2512 1269 2567 l.
1284 2530 1308 2568 c.
1321 2531 1349 2588 p.
1365 2512 1425 2569 130
1435 2511 1514 2587 seq.)

228 2601 290 2664 tolita
308 2628 391 2668 more.
440 2612 485 2668 At
512 2632 535 2667 εν
558 2631 612 2687 pro
636 2623 647 2668 ῑ
668 2615 698 2671 in
721 2606 831 2674 Σείιεος
857 2624 886 2671 et
913 2621 1083 2671 constanter
1109 2614 1140 2671 in
1167 2606 1259 2669 -vu'vn
1287 2613 1415 2671 tribuum
1443 2631 1515 2671 sane

227 2708 319 2770 nubite
343 2723 388 2770 est
414 2713 446 2770 in
472 2712 561 2770 titulo
589 2716 708 2790 septimi
735 2716 861 2786 saeculi,
888 2734 984 2791 neque
1012 2720 1133 2774 omnino
1161 2716 1299 2793 componi
1327 2725 1428 2790 potest
1449 2734 1516 2773 cum

227 2816 333 2890 exemplis
358 2814 506 2872 similibus
529 2814 709 2876 Graecitatis
737 2819 873 2876 labentis.
918 2817 1024 2876 Potius
1047 2817 1115 2877 inde
1137 2817 1329 2895 repetendum
1351 2830 1407 2890 est,
1437 2818 1519 2894 quod

227 2917 372 2994 enipeum
402 2921 582 2978 vocabulum
605 2918 746 2977 Latinum
768 2924 793 2976 ei
819 2920 950 2991 haberet,
981 2918 1089 2978 Graeci
1112 2921 1168 2978 etsi
1191 2920 1355 2978 debuerunt
1377 2944 1385 2974 ι
1407 2920 1516 2978 substi-

206 3012 293 3089 ΜΘ,
318 3022 341 3080 si
373 3023 494 3098 quidem
525 3026 551 3080 ei
572 3021 692 3080 Latinis
720 3026 731 3077 i
755 3023 878 3098 longum
911 3023 1100 3099 significabat
1128 3022 1178 3096 (ef.
1207 3020 1341 3081 Corssen
1368 3022 1472 3080 Vocal.
1496 3021 1513 3078 2

226 3113 395 3200 etitem),
428 3135 528 3183 tamen
555 3144 655 3183 errore
685 3125 714 3180 in
737 3124 905 3182 nominibus
938 3126 1069 3201 propriis
1095 3125 1174 3181 facili
1202 3124 1418 3201 diphthongum
1446 3125 1516 3181 reti-

203 3222 323 3282 ·ruerant.
344 3259 381 3268 -
404 3219 532 3284 Μενειννά
556 3225 610 3296 29,
638 3245 704 3284 cum
732 3227 771 3283 sit
792 3218 913 3295 Μενηνία
939 3226 1058 3298 10.13‚
1086 3247 1169 3285 error
1195 3227 1291 3303 magis
1319 3236 1366 3285 est
1388 3225 1516 3284 seriben-

217 3307 249 3367 ’ἦ
264 3319 488 3388 describendam.
529 3321 681 3410 Ἀρνῆνσης
707 3348 760 3404 pro
784 3330 915 3387 Arnensi
938 3330 1034 3405 magis
1057 3341 1103 3388 est
1124 3329 1286 3387 declinatio
1309 3328 1346 3387 ad
1371 3327 1517 3387 Graecam

182 3502 184 3511 Ι
219 3423 339 3488 loniersa.

182 3514 185 3545 ³
272 3521 331 3590 Per
348 3533 423 3593 haec
443 3553 509 3592 eum
533 3535 676 3592 ducamur
697 3534 735 3591 ad
757 3543 884 3592 aetatem
900 3532 935 3592 C.
954 3532 1083 3593 Gracchi
1106 3535 1167 3593 fere
1189 3535 1233 3592 vel
1256 3535 1347 3611 paulo
1370 3534 1516 3609 posterio-

206 3623 256 3688 ὀων
283 3636 439 3709 commode
461 3637 569 3694 accidit
590 3636 670 3712 qnod
693 3643 813 3694 senatus
836 3637 972 3694 consulto
995 3637 1064 3695 anni
1087 3657 1112 3695 e.
1135 3636 1193 3696 026
1217 3637 1260 3711 (v.
1277 3634 1311 3695 O.
1328 3636 1353 3695 1.
1369 3635 1406 3694 L.
1425 3635 1516 3693 roll

197 3717 309 3811 ΜΒ)
329 3745 448 3796 servato
470 3758 489 3796 a
510 3739 639 3815 Iosepho
663 3747 723 3795 ant.
748 3740 795 3807 13,
817 3738 845 3808 9,
867 3738 885 3794 2
909 3740 959 3814 qni
983 3740 1140 3798 scribendo
1163 3739 1322 3797 adfuerunt
1343 3739 1401 3797 duo
1424 3747 1516 3796 testes

192 3813 312 3897 'eleum
331 3841 409 3899 inter
430 3859 483 3899 eos
510 3859 586 3916 quos
613 3841 661 3897 hie
688 3841 865 3912 munumina,
888 3860 992 3917 nempe
1022 3841 1053 3900 G.
1079 3841 1265 3917 Sempronius
1289 3841 1320 3899 0.
1336 3843 1364 3914 s.
1388 3840 1517 3899 Falerna

186 3914 287 3992 e‘M'-
307 3941 438 4000 Lucilius
454 3943 496 4000 M.
506 3946 534 4018 s.
552 3942 732 4012 Porsennam
756 3962 822 4000 nam
846 3944 901 4000 hoe
923 3942 1174 4001 nomen‘onrnino
1197 3943 1376 4001 reddendum
1400 3952 1447 4001 est
1468 3943 1517 3999 Io-

182 4020 272 4092 “PhO
303 4064 357 4120 pro
378 4064 414 4102 eo
435 4046 515 4121 quod
538 4045 664 4102 traditur
686 4040 801 4103 Andarae
822 4035 930 4104 Μείνιος
951 4039 1069 4103 Λουκίου
1094 4041 1152 4106 υἱὸς
1173 4047 1304 4102 Μεντινεῖ.
1354 4043 1518 4103 Confirmat

182 4111 203 4170 m
218 4118 414 4218 littemtum,
437 4147 598 4205 secundum
619 4166 708 4222 quam
731 4147 861 4205 Earinus
884 4148 1001 4206 titulum
1029 4148 1171 4206 iudicarit
1198 4159 1352 4206 exaratum
1375 4165 1441 4206 esse
1465 4167 1518 4222 per

182 4232 338 4306 extreuros
363 4248 424 4307 XX
447 4250 495 4306 vel
515 4249 609 4307 XXX
632 4268 727 4306 anuos
750 4267 828 4307 saec.
856 4260 925 4307 ante
947 4247 1019 4308 Chr.
1048 4250 1183 4321 secundi,
1210 4251 1240 4307 id
1267 4260 1312 4308 est
1337 4250 1462 4307 intera.
1487 4269 1516 4307 u.

183 4323 412 4410 ciffis-655.

260 4440 414 4531 Superest
447 4473 486 4512 ex
524 4462 645 4512 senatus
680 4454 817 4512 consulto
855 4455 951 4513 solum
987 4454 1143 4513 exordium
1179 4455 1380 4513 additamento
1415 4456 1517 4530 aliquo

195 4544 316 4612 mltum.
359 4555 512 4615 Numerus
541 4571 640 4613 autem
672 4567 843 4614 senatorum
875 4559 925 4633 qui
953 4558 1110 4615 scribendo
1138 4557 1298 4615 adfuerunt
1323 4558 1410 4632 plane
1436 4558 1516 4615 inso-

200 4634 258 4699 llll⁸
286 4666 341 4727 eat,
367 4677 435 4716 nam
462 4677 529 4716 cum
557 4659 627 4715 alibi
655 4659 723 4730 duo,
752 4669 828 4730 tres,
859 4669 986 4733 septem,
1016 4667 1091 4730 octo,
1120 4659 1158 4717 ad
1187 4679 1333 4717 summum
1362 4660 1516 4718 duodecim

182 4840 185 4853 Ι
210 4758 389 4830 tinnuerunt,
411 4761 459 4817 hie
474 4761 631 4818 adfuerunt
650 4761 779 4857 amplians
802 4762 936 4837 triginta3
960 4782 1014 4819 nec
1035 4763 1109 4819 satis
1130 4761 1312 4837 intellegitur
1331 4763 1382 4836 qui
1406 4762 1518 4819 factum

217 4843 244 4903 'll
257 4864 284 4913 Μ
301 4862 330 4919 in
350 4882 383 4920 re
400 4881 456 4921 non
479 4865 551 4920 tanti
568 4866 708 4921 momenti
729 4865 770 4921 ita
789 4864 826 4920 ab
844 4882 897 4920 usu
913 4865 1062 4921 communi
1079 4864 1272 4921 recederetur.
1311 4864 1419 4922 Possis
1443 4863 1517 4920 adeo

221 4952 474 5022 erismatorum
490 4983 548 5022 non
564 4965 730 5022 enumerari
751 4967 801 5040 qui
819 4957 1017 5048 [γραφομὲν]ῳ
1033 4968 1175 5045 παρῆσαν,
1198 4967 1251 5024 sed
1268 4968 1321 5041 qui
1336 4964 1363 5022 ἔν
1378 4967 1418 5039 τῷ
1433 4956 1517 5040 [Βον-

224 5052 330 5146 llttrph'p
351 5066 495 5147 παρῆσαν,
521 5068 600 5141 quod
629 5069 867 5144 supplementum
897 5069 1055 5146 proposuit
1078 5068 1217 5126 Earinus.
1263 5066 1320 5126 Sed
1344 5088 1409 5125 cunt
1433 5086 1518 5143 prae·

224 5156 277 5225 letta
295 5170 325 5226 in
351 5176 475 5228 senatus
504 5169 647 5228 consultis
676 5188 778 5228 eorum
806 5172 857 5248 qui
884 5171 1044 5231 adfuerunt
1067 5188 1208 5229 uumerus
1236 5171 1354 5247 quidem
1381 5179 1518 5245 ponatur,

221 5267 308 5330 unna
329 5282 427 5331 autem
450 5291 510 5330 non
533 5273 767 5349 perscribantur,
796 5288 868 5333 aso
1154 5272 1243 5349 longe
1266 5273 1404 5331 recedere
1425 5272 1518 5330 nolui.
