<?xml version="1.0" encoding="UTF-8"?>
<!DOCTYPE html PUBLIC "-//W3C//DTD XHTML 1.0 Transitional//EN"
    "http://www.w3.org/TR/xhtml1/DTD/xhtml1-transitional.dtd">
<html xmlns="http://www.w3.org/1999/xhtml" xml:lang="en" lang="en">
 <head>
  <title>
</title>
<meta http-equiv="Content-Type" content="text/html;charset=utf-8" />
  <meta name='ocr-system' content='tesseract 3.04.00' />
  <meta name='ocr-capabilities' content='ocr_page ocr_carea ocr_par ocr_line ocrx_word'/>
</head>
<body>
  <div class='ocr_page' id='page_1' title='image "./ephemerisepigra05instgoog_0527.png"; bbox 0 0 3474 5812; ppageno 0'>
   <div class='ocr_carea' id='block_1_1' title="bbox 205 495 957 570">
    <p class='ocr_par' dir='ltr' id='par_1_1' title="bbox 205 495 957 570">
     <span class='ocr_line' id='line_1_1' title="bbox 205 495 957 570; baseline 0.001 -3"><span class='ocrx_word' id='word_1_1' title='bbox 205 495 277 567; x_wconf 86' lang='lat'><strong>518</strong></span> <span class='ocrx_word' id='word_1_2' title='bbox 776 516 957 570; x_wconf 79' lang='lat' dir='ltr'><strong>normann</strong></span> 
     </span>
    </p>
   </div>
   <div class='ocr_carea' id='block_1_2' title="bbox 199 687 1537 2919">
    <p class='ocr_par' dir='ltr' id='par_1_2' title="bbox 199 687 1537 2919">
     <span class='ocr_line' id='line_1_2' title="bbox 201 687 1535 768; baseline 0.001 -20"><span class='ocrx_word' id='word_1_3' title='bbox 201 690 357 768; x_wconf 88' lang='lat' dir='ltr'><strong>provincia</strong></span> <span class='ocrx_word' id='word_1_4' title='bbox 374 690 538 751; x_wconf 81' lang='lat' dir='ltr'>Viennensi</span> <span class='ocrx_word' id='word_1_5' title='bbox 559 698 589 749; x_wconf 91' lang='lat' dir='ltr'><strong>et</strong></span> <span class='ocrx_word' id='word_1_6' title='bbox 608 690 640 750; x_wconf 93' lang='lat' dir='ltr'><strong>in</strong></span> <span class='ocrx_word' id='word_1_7' title='bbox 662 689 815 767; x_wconf 78' lang='lat' dir='ltr'><strong>Sapaudia</strong></span> <span class='ocrx_word' id='word_1_8' title='bbox 835 700 866 751; x_wconf 90' lang='lat' dir='ltr'><strong>et</strong></span> <span class='ocrx_word' id='word_1_9' title='bbox 887 691 925 751; x_wconf 94' lang='lat' dir='ltr'><strong>ad</strong></span> <span class='ocrx_word' id='word_1_10' title='bbox 946 690 1043 751; x_wconf 88' lang='lat' dir='ltr'><strong>lacum</strong></span> <span class='ocrx_word' id='word_1_11' title='bbox 1064 689 1266 762; x_wconf 74' lang='lat' dir='ltr'>Lemannum,</span> <span class='ocrx_word' id='word_1_12' title='bbox 1287 689 1348 750; x_wconf 90' lang='lat' dir='ltr'><strong>iam</strong></span> <span class='ocrx_word' id='word_1_13' title='bbox 1369 687 1535 749; x_wconf 84' lang='lat' dir='ltr'><strong>videndum</strong></span> 
     </span>
     <span class='ocr_line' id='line_1_3' title="bbox 202 791 1535 871; baseline 0.001 -20"><span class='ocrx_word' id='word_1_14' title='bbox 202 800 258 866; x_wconf 89' lang='lat' dir='ltr'><strong>est,</strong></span> <span class='ocrx_word' id='word_1_15' title='bbox 285 810 375 870; x_wconf 87' lang='lat' dir='ltr'><strong>quam</strong></span> <span class='ocrx_word' id='word_1_16' title='bbox 399 802 514 871; x_wconf 91' lang='lat' dir='ltr'><strong>partem</strong></span> <span class='ocrx_word' id='word_1_17' title='bbox 535 795 620 871; x_wconf 89' lang='lat' dir='ltr'><strong>ripae</strong></span> <span class='ocrx_word' id='word_1_18' title='bbox 646 794 711 852; x_wconf 90' lang='lat' dir='ltr'><strong>eius</strong></span> <span class='ocrx_word' id='word_1_19' title='bbox 732 793 930 869; x_wconf 72' lang='lat' dir='ltr'><strong>probabiliter</strong></span> <span class='ocrx_word' id='word_1_20' title='bbox 950 793 1147 853; x_wconf 76' lang='lat' dir='ltr'><strong>attribuamus</strong></span> <span class='ocrx_word' id='word_1_21' title='bbox 1167 792 1339 870; x_wconf 82' lang='lat' dir='ltr'><strong>provinciae</strong></span> <span class='ocrx_word' id='word_1_22' title='bbox 1352 791 1535 853; x_wconf 82' lang='lat' dir='ltr'><strong>Viennensi.</strong></span> 
     </span>
     <span class='ocr_line' id='line_1_4' title="bbox 203 884 1537 973; baseline 0 -20"><span class='ocrx_word' id='word_1_23' title='bbox 203 894 261 966; x_wconf 92' lang='lat' dir='ltr'><strong>Ita,</strong></span> <span class='ocrx_word' id='word_1_24' title='bbox 286 912 354 954; x_wconf 87' lang='lat' dir='ltr'><strong>cum</strong></span> <span class='ocrx_word' id='word_1_25' title='bbox 376 893 589 955; x_wconf 87' lang='lat' dir='ltr'><strong>Noviodunum</strong></span> <span class='ocrx_word' id='word_1_26' title='bbox 611 903 641 954; x_wconf 91' lang='lat' dir='ltr'><strong>et</strong></span> <span class='ocrx_word' id='word_1_27' title='bbox 661 897 841 955; x_wconf 84' lang='lat' dir='ltr'><strong>Aventicum</strong></span> <span class='ocrx_word' id='word_1_28' title='bbox 861 896 970 956; x_wconf 87' lang='lat' dir='ltr'><strong>finibus</strong></span> <span class='ocrx_word' id='word_1_29' title='bbox 991 895 1144 955; x_wconf 78' lang='lat' dir='ltr'><strong>Maximae</strong></span> <span class='ocrx_word' id='word_1_30' title='bbox 1166 884 1373 973; x_wconf 78' lang='lat' dir='ltr'><strong>Sequanorum</strong></span> <span class='ocrx_word' id='word_1_31' title='bbox 1395 912 1537 973; x_wconf 77' lang='lat' dir='ltr'><strong>eompre-</strong></span> 
     </span>
     <span class='ocr_line' id='line_1_5' title="bbox 203 994 1536 1084; baseline 0.001 -29"><span class='ocrx_word' id='word_1_32' title='bbox 203 996 300 1084; x_wconf 79' lang='lat' dir='ltr'><strong>hensa</strong></span> <span class='ocrx_word' id='word_1_33' title='bbox 320 998 438 1069; x_wconf 83' lang='lat' dir='ltr'><strong>fuerint,</strong></span> <span class='ocrx_word' id='word_1_34' title='bbox 461 998 585 1058; x_wconf 85' lang='lat' dir='ltr'><strong>exclusa</strong></span> <span class='ocrx_word' id='word_1_35' title='bbox 598 999 665 1076; x_wconf 91' lang='lat' dir='ltr'><strong>ripa</strong></span> <span class='ocrx_word' id='word_1_36' title='bbox 681 998 720 1057; x_wconf 94' lang='lat' dir='ltr'><strong>ad</strong></span> <span class='ocrx_word' id='word_1_37' title='bbox 739 998 969 1076; x_wconf 85' lang='lat' dir='ltr'><strong>septentrionem</strong></span> <span class='ocrx_word' id='word_1_38' title='bbox 989 999 1028 1057; x_wconf 91' lang='lat' dir='ltr'><strong>ad</strong></span> <span class='ocrx_word' id='word_1_39' title='bbox 1046 997 1170 1057; x_wconf 89' lang='lat' dir='ltr'><strong>alteram</strong></span> <span class='ocrx_word' id='word_1_40' title='bbox 1192 997 1340 1069; x_wconf 88' lang='lat' dir='ltr'><strong>reieimur‚</strong></span> <span class='ocrx_word' id='word_1_41' title='bbox 1361 997 1415 1056; x_wconf 89' lang='lat' dir='ltr'><strong>nbi</strong></span> <span class='ocrx_word' id='word_1_42' title='bbox 1430 994 1536 1056; x_wconf 84' lang='lat' dir='ltr'><strong>Gena-</strong></span> 
     </span>
     <span class='ocr_line' id='line_1_6' title="bbox 202 1099 1536 1178; baseline 0.002 -22"><span class='ocrx_word' id='word_1_43' title='bbox 202 1119 270 1159; x_wconf 89' lang='lat' dir='ltr'><strong>vam</strong></span> <span class='ocrx_word' id='word_1_44' title='bbox 284 1107 401 1159; x_wconf 86' lang='lat' dir='ltr'><strong>constat</strong></span> <span class='ocrx_word' id='word_1_45' title='bbox 416 1101 447 1159; x_wconf 93' lang='lat' dir='ltr'><strong>iu</strong></span> <span class='ocrx_word' id='word_1_46' title='bbox 463 1100 627 1161; x_wconf 83' lang='lat' dir='ltr'>Viennensi</span> <span class='ocrx_word' id='word_1_47' title='bbox 648 1101 743 1159; x_wconf 85' lang='lat' dir='ltr'><strong>fuisse</strong></span> <span class='ocrx_word' id='word_1_48' title='bbox 763 1119 819 1160; x_wconf 89' lang='lat' dir='ltr'><strong>nec</strong></span> <span class='ocrx_word' id='word_1_49' title='bbox 841 1105 998 1178; x_wconf 90' lang='lat' dir='ltr'><strong>quicquam</strong></span> <span class='ocrx_word' id='word_1_50' title='bbox 1021 1100 1153 1177; x_wconf 86' lang='lat' dir='ltr'><strong>impedit,</strong></span> <span class='ocrx_word' id='word_1_51' title='bbox 1175 1099 1334 1176; x_wconf 86' lang='lat' dir='ltr'><strong>quominus</strong></span> <span class='ocrx_word' id='word_1_52' title='bbox 1356 1099 1536 1159; x_wconf 79' lang='lat' dir='ltr'><strong>universam</strong></span> 
     </span>
     <span class='ocr_line' id='line_1_7' title="bbox 202 1201 1534 1280; baseline 0.001 -20"><span class='ocrx_word' id='word_1_53' title='bbox 202 1203 298 1279; x_wconf 86' lang='lat' dir='ltr'><strong>ripam</strong></span> <span class='ocrx_word' id='word_1_54' title='bbox 321 1202 360 1261; x_wconf 91' lang='lat' dir='ltr'><strong>ad</strong></span> <span class='ocrx_word' id='word_1_55' title='bbox 381 1202 551 1261; x_wconf 85' lang='lat' dir='ltr'><strong>influentem</strong></span> <span class='ocrx_word' id='word_1_56' title='bbox 574 1202 752 1261; x_wconf 85' lang='lat' dir='ltr'><strong>Rhodanum</strong></span> <span class='ocrx_word' id='word_1_57' title='bbox 779 1221 874 1280; x_wconf 91' lang='lat' dir='ltr'><strong>usque</strong></span> <span class='ocrx_word' id='word_1_58' title='bbox 899 1221 965 1261; x_wconf 88' lang='lat' dir='ltr'><strong>eum</strong></span> <span class='ocrx_word' id='word_1_59' title='bbox 991 1203 1095 1262; x_wconf 89' lang='lat' dir='ltr'><strong>eadem</strong></span> <span class='ocrx_word' id='word_1_60' title='bbox 1117 1201 1274 1279; x_wconf 86' lang='lat' dir='ltr'><strong>provincia</strong></span> <span class='ocrx_word' id='word_1_61' title='bbox 1294 1201 1534 1262; x_wconf 84' lang='lat' dir='ltr'><strong>contribuamus.</strong></span> 
     </span>
     <span class='ocr_line' id='line_1_8' title="bbox 200 1300 1536 1382; baseline -0.002 -17"><span class='ocrx_word' id='word_1_62' title='bbox 200 1304 281 1365; x_wconf 90' lang='lat' dir='ltr'><strong>Nam</strong></span> <span class='ocrx_word' id='word_1_63' title='bbox 303 1305 502 1364; x_wconf 84' lang='lat' dir='ltr'><strong>conterminae</strong></span> <span class='ocrx_word' id='word_1_64' title='bbox 523 1305 695 1381; x_wconf 87' lang='lat' dir='ltr'><strong>provinciae</strong></span> <span class='ocrx_word' id='word_1_65' title='bbox 715 1305 838 1382; x_wconf 84' lang='lat' dir='ltr'><strong>Alpium</strong></span> <span class='ocrx_word' id='word_1_66' title='bbox 862 1302 1022 1365; x_wconf 88' lang='lat' dir='ltr'><strong>Graiarum</strong></span> <span class='ocrx_word' id='word_1_67' title='bbox 1044 1313 1074 1364; x_wconf 88' lang='lat' dir='ltr'><strong>et</strong></span> <span class='ocrx_word' id='word_1_68' title='bbox 1095 1303 1296 1364; x_wconf 89' lang='lat' dir='ltr'><strong>Poeninarum</strong></span> <span class='ocrx_word' id='word_1_69' title='bbox 1316 1300 1438 1362; x_wconf 88' lang='lat' dir='ltr'><strong>Notitia</strong></span> <span class='ocrx_word' id='word_1_70' title='bbox 1454 1301 1536 1363; x_wconf 84' lang='lat' dir='ltr'><strong>Gal·</strong></span> 
     </span>
     <span class='ocr_line' id='line_1_9' title="bbox 201 1404 1535 1484; baseline 0 -18"><span class='ocrx_word' id='word_1_71' title='bbox 201 1408 308 1467; x_wconf 90' lang='lat' dir='ltr'><strong>liarum</strong></span> <span class='ocrx_word' id='word_1_72' title='bbox 330 1425 390 1466; x_wconf 92' lang='lat' dir='ltr'><strong>non</strong></span> <span class='ocrx_word' id='word_1_73' title='bbox 411 1406 561 1466; x_wconf 91' lang='lat' dir='ltr'><strong>adiudicat</strong></span> <span class='ocrx_word' id='word_1_74' title='bbox 582 1407 640 1466; x_wconf 91' lang='lat' dir='ltr'><strong>nisi</strong></span> <span class='ocrx_word' id='word_1_75' title='bbox 661 1406 720 1465; x_wconf 90' lang='lat' dir='ltr'><strong>duo</strong></span> <span class='ocrx_word' id='word_1_76' title='bbox 742 1406 853 1484; x_wconf 91' lang='lat' dir='ltr'><strong>oppido</strong></span> <span class='ocrx_word' id='word_1_77' title='bbox 876 1407 1087 1467; x_wconf 85' lang='lat' dir='ltr'><strong>Tarantasiam</strong></span> <span class='ocrx_word' id='word_1_78' title='bbox 1107 1404 1289 1466; x_wconf 57' lang='lat' dir='ltr'><strong>&amp;emonam</strong></span> <span class='ocrx_word' id='word_1_79' title='bbox 1311 1405 1478 1482; x_wconf 82' lang='lat' dir='ltr'><strong>(Moutiers</strong></span> <span class='ocrx_word' id='word_1_80' title='bbox 1496 1420 1535 1465; x_wconf 80' lang='lat' dir='ltr'><strong>ea</strong></span> 
     </span>
     <span class='ocr_line' id='line_1_10' title="bbox 204 1507 1535 1587; baseline -0.001 -19"><span class='ocrx_word' id='word_1_81' title='bbox 204 1509 390 1585; x_wconf 71' lang='lat' dir='ltr'><strong>Parentales)</strong></span> <span class='ocrx_word' id='word_1_82' title='bbox 404 1518 435 1568; x_wconf 93' lang='lat' dir='ltr'><strong>et</strong></span> <span class='ocrx_word' id='word_1_83' title='bbox 449 1508 634 1568; x_wconf 89' lang='lat' dir='ltr'><strong>Octodurum</strong></span> <span class='ocrx_word' id='word_1_84' title='bbox 646 1507 836 1568; x_wconf 84' lang='lat' dir='ltr'><strong>Vallensium</strong></span> <span class='ocrx_word' id='word_1_85' title='bbox 851 1507 1031 1587; x_wconf 81' lang='lat' dir='ltr'><strong>(Martigny)</strong></span> <span class='ocrx_word' id='word_1_86' title='bbox 1045 1518 1076 1568; x_wconf 94' lang='lat' dir='ltr'><strong>et</strong></span> <span class='ocrx_word' id='word_1_87' title='bbox 1088 1509 1177 1569; x_wconf 82' lang='lat' dir='ltr'><strong>facile</strong></span> <span class='ocrx_word' id='word_1_88' title='bbox 1190 1509 1256 1568; x_wconf 88' lang='lat' dir='ltr'><strong>fieri</strong></span> <span class='ocrx_word' id='word_1_89' title='bbox 1269 1508 1376 1585; x_wconf 85' lang='lat' dir='ltr'><strong>potuit,</strong></span> <span class='ocrx_word' id='word_1_90' title='bbox 1396 1508 1535 1567; x_wconf 79' lang='lat' dir='ltr'><strong>maxime</strong></span> 
     </span>
     <span class='ocr_line' id='line_1_11' title="bbox 201 1609 1536 1690; baseline 0.001 -21"><span class='ocrx_word' id='word_1_91' title='bbox 201 1620 270 1689; x_wconf 88' lang='lat' dir='ltr'><strong>post</strong></span> <span class='ocrx_word' id='word_1_92' title='bbox 285 1609 439 1671; x_wconf 89' lang='lat' dir='ltr'><strong>Genavam</strong></span> <span class='ocrx_word' id='word_1_93' title='bbox 462 1631 500 1670; x_wconf 82' lang='lat' dir='ltr'><strong>ex</strong></span> <span class='ocrx_word' id='word_1_94' title='bbox 523 1612 578 1669; x_wconf 85' lang='lat' dir='ltr'><strong>vici</strong></span> <span class='ocrx_word' id='word_1_95' title='bbox 601 1611 774 1671; x_wconf 89' lang='lat' dir='ltr'><strong>condicione</strong></span> <span class='ocrx_word' id='word_1_96' title='bbox 796 1612 835 1671; x_wconf 94' lang='lat' dir='ltr'><strong>ad</strong></span> <span class='ocrx_word' id='word_1_97' title='bbox 855 1613 898 1670; x_wconf 92' lang='lat' dir='ltr'><strong>rei</strong></span> <span class='ocrx_word' id='word_1_98' title='bbox 915 1612 1053 1690; x_wconf 90' lang='lat' dir='ltr'><strong>publicae</strong></span> <span class='ocrx_word' id='word_1_99' title='bbox 1074 1619 1183 1670; x_wconf 88' lang='lat' dir='ltr'><strong>statum</strong></span> <span class='ocrx_word' id='word_1_100' title='bbox 1204 1611 1388 1684; x_wconf 71' lang='lat' dir='ltr'><strong>translatam,</strong></span> <span class='ocrx_word' id='word_1_101' title='bbox 1410 1616 1446 1670; x_wconf 88' lang='lat' dir='ltr'><strong>ut</strong></span> <span class='ocrx_word' id='word_1_102' title='bbox 1465 1617 1536 1670; x_wconf 83' lang='lat' dir='ltr'><strong>tota</strong></span> 
     </span>
     <span class='ocr_line' id='line_1_12' title="bbox 200 1712 1536 1792; baseline 0 -21"><span class='ocrx_word' id='word_1_103' title='bbox 200 1714 274 1773; x_wconf 89' lang='lat' dir='ltr'><strong>haee</strong></span> <span class='ocrx_word' id='word_1_104' title='bbox 296 1714 362 1791; x_wconf 90' lang='lat' dir='ltr'><strong>ripa</strong></span> <span class='ocrx_word' id='word_1_105' title='bbox 383 1715 411 1773; x_wconf 91' lang='lat' dir='ltr'><strong>ei</strong></span> <span class='ocrx_word' id='word_1_106' title='bbox 432 1714 646 1774; x_wconf 85' lang='lat' dir='ltr'><strong>attribueretur</strong></span> <span class='ocrx_word' id='word_1_107' title='bbox 672 1723 703 1773; x_wconf 88' lang='lat' dir='ltr'><strong>et</strong></span> <span class='ocrx_word' id='word_1_108' title='bbox 727 1723 888 1792; x_wconf 88' lang='lat' dir='ltr'><strong>propterea</strong></span> <span class='ocrx_word' id='word_1_109' title='bbox 912 1715 989 1774; x_wconf 88' lang='lat' dir='ltr'><strong>fines</strong></span> <span class='ocrx_word' id='word_1_110' title='bbox 1015 1712 1186 1790; x_wconf 85' lang='lat' dir='ltr'><strong>provinciae</strong></span> <span class='ocrx_word' id='word_1_111' title='bbox 1206 1731 1326 1791; x_wconf 91' lang='lat' dir='ltr'><strong>queque</strong></span> <span class='ocrx_word' id='word_1_112' title='bbox 1347 1718 1536 1790; x_wconf 81' lang='lat' dir='ltr'><strong>augerentur</strong></span> 
     </span>
     <span class='ocr_line' id='line_1_13' title="bbox 201 1815 1534 1894; baseline -0.002 -18"><span class='ocrx_word' id='word_1_113' title='bbox 201 1817 356 1876; x_wconf 89' lang='lat' dir='ltr'><strong>imminuta</strong></span> <span class='ocrx_word' id='word_1_114' title='bbox 377 1817 560 1876; x_wconf 86' lang='lat' dir='ltr'><strong>contermina</strong></span> <span class='ocrx_word' id='word_1_115' title='bbox 580 1817 715 1894; x_wconf 84' lang='lat' dir='ltr'><strong>Alpium.</strong></span> <span class='ocrx_word' id='word_1_116' title='bbox 760 1815 856 1878; x_wconf 88' lang='lat' dir='ltr'><strong>Statio</strong></span> <span class='ocrx_word' id='word_1_117' title='bbox 883 1825 982 1876; x_wconf 86' lang='lat' dir='ltr'><strong>autem</strong></span> <span class='ocrx_word' id='word_1_118' title='bbox 1007 1816 1129 1888; x_wconf 89' lang='lat' dir='ltr'><strong>classis,</strong></span> <span class='ocrx_word' id='word_1_119' title='bbox 1156 1835 1223 1875; x_wconf 88' lang='lat' dir='ltr'><strong>cum</strong></span> <span class='ocrx_word' id='word_1_120' title='bbox 1247 1815 1424 1892; x_wconf 87' lang='lat' dir='ltr'><strong>praesertim</strong></span> <span class='ocrx_word' id='word_1_121' title='bbox 1443 1816 1534 1894; x_wconf 78' lang='lat' dir='ltr'><strong>regio</strong></span> 
     </span>
     <span class='ocr_line' id='line_1_14' title="bbox 200 1917 1533 1996; baseline 0.001 -20"><span class='ocrx_word' id='word_1_122' title='bbox 200 1918 298 1977; x_wconf 90' lang='lat' dir='ltr'><strong>media</strong></span> <span class='ocrx_word' id='word_1_123' title='bbox 319 1919 458 1995; x_wconf 88' lang='lat' dir='ltr'><strong>alpestris</strong></span> <span class='ocrx_word' id='word_1_124' title='bbox 480 1919 625 1996; x_wconf 89' lang='lat' dir='ltr'><strong>portubus</strong></span> <span class='ocrx_word' id='word_1_125' title='bbox 648 1919 790 1979; x_wconf 85' lang='lat' dir='ltr'><strong>destituta</strong></span> <span class='ocrx_word' id='word_1_126' title='bbox 810 1921 859 1991; x_wconf 91' lang='lat' dir='ltr'><strong>sit,</strong></span> <span class='ocrx_word' id='word_1_127' title='bbox 881 1918 1065 1978; x_wconf 86' lang='lat' dir='ltr'><strong>commodior</strong></span> <span class='ocrx_word' id='word_1_128' title='bbox 1086 1918 1146 1976; x_wconf 92' lang='lat' dir='ltr'><strong>alia</strong></span> <span class='ocrx_word' id='word_1_129' title='bbox 1166 1918 1248 1977; x_wconf 89' lang='lat' dir='ltr'><strong>nulla</strong></span> <span class='ocrx_word' id='word_1_130' title='bbox 1269 1917 1418 1996; x_wconf 87' lang='lat' dir='ltr'><strong>reperitur</strong></span> <span class='ocrx_word' id='word_1_131' title='bbox 1436 1936 1533 1994; x_wconf 83' lang='lat' dir='ltr'><strong>quam</strong></span> 
     </span>
     <span class='ocr_line' id='line_1_15' title="bbox 200 2019 1533 2081; baseline 0 -3"><span class='ocrx_word' id='word_1_132' title='bbox 200 2021 252 2080; x_wconf 90' lang='lat' dir='ltr'><strong>ubi</strong></span> <span class='ocrx_word' id='word_1_133' title='bbox 273 2020 438 2079; x_wconf 85' lang='lat' dir='ltr'><strong>Rhodanus</strong></span> <span class='ocrx_word' id='word_1_134' title='bbox 460 2022 491 2080; x_wconf 92' lang='lat' dir='ltr'><strong>in</strong></span> <span class='ocrx_word' id='word_1_135' title='bbox 513 2022 609 2080; x_wconf 87' lang='lat' dir='ltr'><strong>lacum</strong></span> <span class='ocrx_word' id='word_1_136' title='bbox 631 2022 728 2081; x_wconf 90' lang='lat' dir='ltr'><strong>influit</strong></span> <span class='ocrx_word' id='word_1_137' title='bbox 749 2022 788 2081; x_wconf 90' lang='lat' dir='ltr'><strong>ad</strong></span> <span class='ocrx_word' id='word_1_138' title='bbox 810 2021 996 2081; x_wconf 81' lang='lat' dir='ltr'><strong>Villeneuve.</strong></span> <span class='ocrx_word' id='word_1_139' title='bbox 1020 2054 1058 2065; x_wconf 91' lang='lat'>—</span> <span class='ocrx_word' id='word_1_140' title='bbox 1085 2021 1147 2079; x_wconf 89' lang='lat' dir='ltr'><strong>Iam</strong></span> <span class='ocrx_word' id='word_1_141' title='bbox 1170 2019 1221 2079; x_wconf 91' lang='lat' dir='ltr'><strong>ubi</strong></span> <span class='ocrx_word' id='word_1_142' title='bbox 1242 2021 1373 2080; x_wconf 90' lang='lat' dir='ltr'><strong>redimus</strong></span> <span class='ocrx_word' id='word_1_143' title='bbox 1392 2019 1435 2079; x_wconf 88' lang='lat' dir='ltr'><strong>ad</strong></span> <span class='ocrx_word' id='word_1_144' title='bbox 1454 2019 1533 2078; x_wconf 86' lang='lat' dir='ltr'><strong>Pto·</strong></span> 
     </span>
     <span class='ocr_line' id='line_1_16' title="bbox 199 2122 1533 2202; baseline 0 -21"><span class='ocrx_word' id='word_1_145' title='bbox 199 2123 361 2194; x_wconf 90' lang='lat' dir='ltr'><strong>lemaeum,</strong></span> <span class='ocrx_word' id='word_1_146' title='bbox 390 2123 470 2200; x_wconf 93' lang='lat' dir='ltr'><strong>quod</strong></span> <span class='ocrx_word' id='word_1_147' title='bbox 500 2124 579 2202; x_wconf 88' lang='lat' dir='ltr'><strong>apud</strong></span> <span class='ocrx_word' id='word_1_148' title='bbox 608 2143 675 2183; x_wconf 90' lang='lat' dir='ltr'><strong>eum</strong></span> <span class='ocrx_word' id='word_1_149' title='bbox 704 2125 874 2184; x_wconf 91' lang='lat' dir='ltr'><strong>nominatur</strong></span> <span class='ocrx_word' id='word_1_150' title='bbox 900 2123 1042 2202; x_wconf 90' lang='lat' dir='ltr'><strong>oppidum</strong></span> <span class='ocrx_word' id='word_1_151' title='bbox 1070 2122 1246 2182; x_wconf 85' lang='lat' dir='ltr'><strong>Ebodurum</strong></span> <span class='ocrx_word' id='word_1_152' title='bbox 1277 2123 1407 2181; x_wconf 87' lang='lat' dir='ltr'><strong>vidimus</strong></span> <span class='ocrx_word' id='word_1_153' title='bbox 1437 2122 1533 2181; x_wconf 88' lang='lat' dir='ltr'><strong>situm</strong></span> 
     </span>
     <span class='ocr_line' id='line_1_17' title="bbox 199 2223 1534 2304; baseline 0.001 -21"><span class='ocrx_word' id='word_1_154' title='bbox 199 2226 294 2285; x_wconf 80' lang='lat' dir='ltr'><strong>inisse</strong></span> <span class='ocrx_word' id='word_1_155' title='bbox 316 2226 393 2283; x_wconf 90' lang='lat' dir='ltr'><strong>inter</strong></span> <span class='ocrx_word' id='word_1_156' title='bbox 408 2226 562 2286; x_wconf 87' lang='lat' dir='ltr'><strong>Viviscnm</strong></span> <span class='ocrx_word' id='word_1_157' title='bbox 583 2236 613 2286; x_wconf 93' lang='lat' dir='ltr'><strong>et</strong></span> <span class='ocrx_word' id='word_1_158' title='bbox 628 2226 825 2300; x_wconf 91' lang='lat' dir='ltr'><strong>Octodurum,</strong></span> <span class='ocrx_word' id='word_1_159' title='bbox 846 2226 878 2286; x_wconf 93' lang='lat' dir='ltr'><strong>id</strong></span> <span class='ocrx_word' id='word_1_160' title='bbox 899 2226 978 2304; x_wconf 91' lang='lat' dir='ltr'><strong>quod</strong></span> <span class='ocrx_word' id='word_1_161' title='bbox 1000 2227 1028 2284; x_wconf 92' lang='lat' dir='ltr'><strong>ei</strong></span> <span class='ocrx_word' id='word_1_162' title='bbox 1050 2225 1126 2297; x_wconf 90' lang='lat' dir='ltr'><strong>loco,</strong></span> <span class='ocrx_word' id='word_1_163' title='bbox 1148 2243 1236 2301; x_wconf 91' lang='lat' dir='ltr'><strong>quem</strong></span> <span class='ocrx_word' id='word_1_164' title='bbox 1258 2244 1296 2283; x_wconf 81' lang='lat' dir='ltr'><strong>ex</strong></span> <span class='ocrx_word' id='word_1_165' title='bbox 1317 2223 1435 2283; x_wconf 88' lang='lat' dir='ltr'><strong>Notitia</strong></span> <span class='ocrx_word' id='word_1_166' title='bbox 1455 2224 1534 2284; x_wconf 76' lang='lat' dir='ltr'><strong>effe-</strong></span> 
     </span>
     <span class='ocr_line' id='line_1_18' title="bbox 201 2325 1532 2406; baseline -0.002 -20"><span class='ocrx_word' id='word_1_167' title='bbox 201 2328 311 2400; x_wconf 89' lang='lat' dir='ltr'><strong>cimus,</strong></span> <span class='ocrx_word' id='word_1_168' title='bbox 339 2328 428 2405; x_wconf 88' lang='lat' dir='ltr'><strong>plane</strong></span> <span class='ocrx_word' id='word_1_169' title='bbox 454 2330 601 2399; x_wconf 83' lang='lat' dir='ltr'><strong>convenit,</strong></span> <span class='ocrx_word' id='word_1_170' title='bbox 628 2329 686 2389; x_wconf 91' lang='lat' dir='ltr'><strong>nisi</strong></span> <span class='ocrx_word' id='word_1_171' title='bbox 713 2330 793 2406; x_wconf 92' lang='lat' dir='ltr'><strong>quod</strong></span> <span class='ocrx_word' id='word_1_172' title='bbox 820 2348 926 2388; x_wconf 90' lang='lat' dir='ltr'><strong>nomen</strong></span> <span class='ocrx_word' id='word_1_173' title='bbox 953 2338 1033 2387; x_wconf 90' lang='lat' dir='ltr'><strong>recte</strong></span> <span class='ocrx_word' id='word_1_174' title='bbox 1059 2328 1166 2405; x_wconf 90' lang='lat' dir='ltr'><strong>opinor</strong></span> <span class='ocrx_word' id='word_1_175' title='bbox 1190 2327 1220 2385; x_wconf 94' lang='lat' dir='ltr'><strong>in</strong></span> <span class='ocrx_word' id='word_1_176' title='bbox 1242 2325 1359 2385; x_wconf 88' lang='lat' dir='ltr'><strong>Notitia</strong></span> <span class='ocrx_word' id='word_1_177' title='bbox 1381 2325 1532 2393; x_wconf 81' lang='lat' dir='ltr'><strong>traditum</strong></span> 
     </span>
     <span class='ocr_line' id='line_1_19' title="bbox 200 2428 1532 2508; baseline -0.002 -20"><span class='ocrx_word' id='word_1_178' title='bbox 200 2430 280 2506; x_wconf 89' lang='lat' dir='ltr'><strong>apud</strong></span> <span class='ocrx_word' id='word_1_179' title='bbox 303 2429 453 2490; x_wconf 85' lang='lat' dir='ltr'><strong>Graecum</strong></span> <span class='ocrx_word' id='word_1_180' title='bbox 478 2439 630 2491; x_wconf 83' lang='lat' dir='ltr'><strong>auctorem</strong></span> <span class='ocrx_word' id='word_1_181' title='bbox 657 2432 852 2507; x_wconf 88' lang='lat' dir='ltr'><strong>corruptelam</strong></span> <span class='ocrx_word' id='word_1_182' title='bbox 883 2431 983 2490; x_wconf 90' lang='lat' dir='ltr'><strong>subiit.</strong></span> <span class='ocrx_word' id='word_1_183' title='bbox 1006 2463 1047 2473; x_wconf 91' lang='lat'><em>-</em></span> <span class='ocrx_word' id='word_1_184' title='bbox 1068 2429 1277 2508; x_wconf 81' lang='lat' dir='ltr'><strong>Drusomagua</strong></span> <span class='ocrx_word' id='word_1_185' title='bbox 1305 2428 1433 2504; x_wconf 90' lang='lat' dir='ltr'><strong>denique</strong></span> <span class='ocrx_word' id='word_1_186' title='bbox 1458 2447 1532 2486; x_wconf 88' lang='lat' dir='ltr'><strong>eum</strong></span> 
     </span>
     <span class='ocr_line' id='line_1_20' title="bbox 200 2527 1534 2611; baseline 0 -20"><span class='ocrx_word' id='word_1_187' title='bbox 200 2533 270 2591; x_wconf 91' lang='lat' dir='ltr'><strong>alibi</strong></span> <span class='ocrx_word' id='word_1_188' title='bbox 286 2551 345 2592; x_wconf 93' lang='lat' dir='ltr'><strong>non</strong></span> <span class='ocrx_word' id='word_1_189' title='bbox 360 2533 535 2605; x_wconf 88' lang='lat' dir='ltr'><strong>nominetur,</strong></span> <span class='ocrx_word' id='word_1_190' title='bbox 560 2552 631 2591; x_wconf 90' lang='lat' dir='ltr'><strong>vero</strong></span> <span class='ocrx_word' id='word_1_191' title='bbox 647 2534 750 2594; x_wconf 91' lang='lat' dir='ltr'><strong>ordine</strong></span> <span class='ocrx_word' id='word_1_192' title='bbox 765 2533 928 2593; x_wconf 89' lang='lat' dir='ltr'><strong>Ptolemaei</strong></span> <span class='ocrx_word' id='word_1_193' title='bbox 951 2534 1100 2611; x_wconf 78' lang='lat' dir='ltr'><strong>patefacto</strong></span> <span class='ocrx_word' id='word_1_194' title='bbox 1122 2532 1226 2608; x_wconf 90' lang='lat' dir='ltr'><strong>quaeri</strong></span> <span class='ocrx_word' id='word_1_195' title='bbox 1247 2531 1357 2607; x_wconf 86' lang='lat' dir='ltr'><strong>poterit</strong></span> <span class='ocrx_word' id='word_1_196' title='bbox 1376 2529 1457 2607; x_wconf 92' lang='lat' dir='ltr'><strong>apud</strong></span> <span class='ocrx_word' id='word_1_197' title='bbox 1474 2527 1534 2591; x_wconf 87' lang='lat' dir='ltr'><strong>Se·</strong></span> 
     </span>
     <span class='ocr_line' id='line_1_21' title="bbox 200 2632 1534 2714; baseline -0.002 -21"><span class='ocrx_word' id='word_1_198' title='bbox 200 2636 296 2694; x_wconf 89' lang='lat' dir='ltr'><strong>dunos</strong></span> <span class='ocrx_word' id='word_1_199' title='bbox 310 2635 367 2706; x_wconf 89' lang='lat' dir='ltr'><strong>vel,</strong></span> <span class='ocrx_word' id='word_1_200' title='bbox 389 2635 416 2692; x_wconf 89' lang='lat' dir='ltr'><strong>si</strong></span> <span class='ocrx_word' id='word_1_201' title='bbox 430 2636 526 2714; x_wconf 82' lang='lat' dir='ltr'><strong>magis</strong></span> <span class='ocrx_word' id='word_1_202' title='bbox 540 2636 647 2713; x_wconf 87' lang='lat' dir='ltr'><strong>placet,</strong></span> <span class='ocrx_word' id='word_1_203' title='bbox 669 2637 749 2713; x_wconf 90' lang='lat' dir='ltr'><strong>apud</strong></span> <span class='ocrx_word' id='word_1_204' title='bbox 764 2635 881 2696; x_wconf 86' lang='lat' dir='ltr'><strong>Uberes</strong></span> <span class='ocrx_word' id='word_1_205' title='bbox 900 2635 1079 2713; x_wconf 84' lang='lat' dir='ltr'><strong>Lepontios:</strong></span> <span class='ocrx_word' id='word_1_206' title='bbox 1102 2642 1181 2694; x_wconf 90' lang='lat' dir='ltr'><strong>certe</strong></span> <span class='ocrx_word' id='word_1_207' title='bbox 1202 2652 1262 2692; x_wconf 92' lang='lat' dir='ltr'><strong>non</strong></span> <span class='ocrx_word' id='word_1_208' title='bbox 1283 2632 1453 2692; x_wconf 84' lang='lat' dir='ltr'><strong>invenietur</strong></span> <span class='ocrx_word' id='word_1_209' title='bbox 1475 2633 1534 2710; x_wconf 89' lang='lat' dir='ltr'><strong>qui</strong></span> 
     </span>
     <span class='ocr_line' id='line_1_22' title="bbox 201 2735 1535 2816; baseline 0.001 -22"><span class='ocrx_word' id='word_1_210' title='bbox 201 2737 280 2795; x_wconf 88' lang='lat' dir='ltr'><strong>dicto</strong></span> <span class='ocrx_word' id='word_1_211' title='bbox 305 2737 429 2796; x_wconf 88' lang='lat' dir='ltr'><strong>audiens</strong></span> <span class='ocrx_word' id='word_1_212' title='bbox 455 2737 494 2797; x_wconf 90' lang='lat' dir='ltr'><strong>sit</strong></span> <span class='ocrx_word' id='word_1_213' title='bbox 515 2738 652 2815; x_wconf 90' lang='lat' dir='ltr'><strong>Zippelio</strong></span> <span class='ocrx_word' id='word_1_214' title='bbox 678 2739 780 2799; x_wconf 91' lang='lat' dir='ltr'><strong>nescio</strong></span> <span class='ocrx_word' id='word_1_215' title='bbox 806 2738 956 2816; x_wconf 89' lang='lat' dir='ltr'><strong>quomodo</strong></span> <span class='ocrx_word' id='word_1_216' title='bbox 982 2737 1103 2814; x_wconf 82' lang='lat' dir='ltr'><strong>neganti</strong></span> <span class='ocrx_word' id='word_1_217' title='bbox 1129 2743 1216 2796; x_wconf 83' lang='lat' dir='ltr'><strong>extra</strong></span> <span class='ocrx_word' id='word_1_218' title='bbox 1239 2735 1376 2795; x_wconf 86' lang='lat' dir='ltr'><strong>Raetiam</strong></span> <span class='ocrx_word' id='word_1_219' title='bbox 1398 2752 1490 2794; x_wconf 74' lang='lat' dir='ltr'><strong>emm</strong></span> <span class='ocrx_word' id='word_1_220' title='bbox 1513 2754 1535 2795; x_wconf 89' lang='lat' dir='ltr'><strong>a</strong></span> 
     </span>
     <span class='ocr_line' id='line_1_23' title="bbox 200 2839 1533 2919; baseline 0 -22"><span class='ocrx_word' id='word_1_221' title='bbox 200 2839 302 2898; x_wconf 91' lang='lat' dir='ltr'><strong>Druso</strong></span> <span class='ocrx_word' id='word_1_222' title='bbox 323 2839 466 2916; x_wconf 91' lang='lat' dir='ltr'><strong>oppidum</strong></span> <span class='ocrx_word' id='word_1_223' title='bbox 488 2841 635 2899; x_wconf 89' lang='lat' dir='ltr'><strong>nominari</strong></span> <span class='ocrx_word' id='word_1_224' title='bbox 656 2841 799 2918; x_wconf 85' lang='lat' dir='ltr'><strong>potuisse.</strong></span> <span class='ocrx_word' id='word_1_225' title='bbox 838 2841 945 2919; x_wconf 88' lang='lat' dir='ltr'><strong>Itaque</strong></span> <span class='ocrx_word' id='word_1_226' title='bbox 964 2848 1105 2917; x_wconf 87' lang='lat' dir='ltr'><strong>quattuor</strong></span> <span class='ocrx_word' id='word_1_227' title='bbox 1123 2839 1270 2910; x_wconf 86' lang='lat' dir='ltr'><strong>civitatee,</strong></span> <span class='ocrx_word' id='word_1_228' title='bbox 1292 2855 1368 2915; x_wconf 88' lang='lat' dir='ltr'><strong>qnae</strong></span> <span class='ocrx_word' id='word_1_229' title='bbox 1389 2845 1533 2897; x_wconf 83' lang='lat' dir='ltr'><strong>extremo</strong></span> 
     </span>
    </p>
   </div>
   <div class='ocr_carea' id='block_1_3' title="bbox 199 2939 1533 3410">
    <p class='ocr_par' dir='ltr' id='par_1_3' title="bbox 199 2939 1533 3410">
     <span class='ocr_line' id='line_1_24' title="bbox 200 2939 1533 3020; baseline 0.001 -22"><span class='ocrx_word' id='word_1_230' title='bbox 200 2941 268 3000; x_wconf 89' lang='lat' dir='ltr'><strong>loco</strong></span> <span class='ocrx_word' id='word_1_231' title='bbox 289 2941 319 2998; x_wconf 94' lang='lat' dir='ltr'><strong>in</strong></span> <span class='ocrx_word' id='word_1_232' title='bbox 340 2941 448 2999; x_wconf 89' lang='lat' dir='ltr'><strong>Raetia</strong></span> <span class='ocrx_word' id='word_1_233' title='bbox 468 2942 659 3002; x_wconf 88' lang='lat' dir='ltr'><strong>Ptolemaeus</strong></span> <span class='ocrx_word' id='word_1_234' title='bbox 680 2953 832 3016; x_wconf 85' lang='lat' dir='ltr'><strong>recenset,</strong></span> <span class='ocrx_word' id='word_1_235' title='bbox 854 2964 919 3003; x_wconf 91' lang='lat' dir='ltr'><strong>curn</strong></span> <span class='ocrx_word' id='word_1_236' title='bbox 942 2943 1117 3020; x_wconf 89' lang='lat' dir='ltr'><strong>praesertim</strong></span> <span class='ocrx_word' id='word_1_237' title='bbox 1140 2943 1167 3002; x_wconf 90' lang='lat' dir='ltr'><strong>is</strong></span> <span class='ocrx_word' id='word_1_238' title='bbox 1189 2941 1277 3002; x_wconf 84' lang='lat' dir='ltr'><strong>vallis</strong></span> <span class='ocrx_word' id='word_1_239' title='bbox 1298 2939 1453 2999; x_wconf 85' lang='lat' dir='ltr'><strong>Poeninae</strong></span> <span class='ocrx_word' id='word_1_240' title='bbox 1475 2957 1533 3018; x_wconf 88' lang='lat' dir='ltr'><strong>op-</strong></span> 
     </span>
     <span class='ocr_line' id='line_1_25' title="bbox 199 3043 1532 3121; baseline 0.002 -21"><span class='ocrx_word' id='word_1_241' title='bbox 199 3043 271 3121; x_wconf 91' lang='lat' dir='ltr'><strong>pida</strong></span> <span class='ocrx_word' id='word_1_242' title='bbox 292 3050 343 3102; x_wconf 88' lang='lat' dir='ltr'><strong>aut</strong></span> <span class='ocrx_word' id='word_1_243' title='bbox 363 3044 421 3102; x_wconf 89' lang='lat' dir='ltr'><strong>boc</strong></span> <span class='ocrx_word' id='word_1_244' title='bbox 442 3044 508 3103; x_wconf 87' lang='lat' dir='ltr'><strong>loeo</strong></span> <span class='ocrx_word' id='word_1_245' title='bbox 530 3045 676 3105; x_wconf 91' lang='lat' dir='ltr'><strong>rettulerit</strong></span> <span class='ocrx_word' id='word_1_246' title='bbox 697 3064 818 3105; x_wconf 90' lang='lat' dir='ltr'><strong>necesse</strong></span> <span class='ocrx_word' id='word_1_247' title='bbox 837 3047 878 3105; x_wconf 88' lang='lat' dir='ltr'><strong>sit</strong></span> <span class='ocrx_word' id='word_1_248' title='bbox 895 3053 946 3105; x_wconf 88' lang='lat' dir='ltr'><strong>aut</strong></span> <span class='ocrx_word' id='word_1_249' title='bbox 963 3046 1107 3116; x_wconf 90' lang='lat' dir='ltr'><strong>omiserit,</strong></span> <span class='ocrx_word' id='word_1_250' title='bbox 1129 3062 1185 3105; x_wconf 91' lang='lat' dir='ltr'><strong>nos</strong></span> <span class='ocrx_word' id='word_1_251' title='bbox 1200 3045 1259 3103; x_wconf 93' lang='lat' dir='ltr'><strong>iam</strong></span> <span class='ocrx_word' id='word_1_252' title='bbox 1273 3043 1442 3103; x_wconf 88' lang='lat' dir='ltr'><strong>tenebimus</strong></span> <span class='ocrx_word' id='word_1_253' title='bbox 1457 3060 1532 3103; x_wconf 88' lang='lat' dir='ltr'><strong>esee</strong></span> 
     </span>
     <span class='ocr_line' id='line_1_26' title="bbox 199 3144 1532 3226; baseline 0.001 -22"><span class='ocrx_word' id='word_1_254' title='bbox 199 3145 362 3218; x_wconf 84' lang='lat' dir='ltr'><strong>Viviscum,</strong></span> <span class='ocrx_word' id='word_1_255' title='bbox 384 3146 473 3205; x_wconf 90' lang='lat' dir='ltr'><strong>hodie</strong></span> <span class='ocrx_word' id='word_1_256' title='bbox 488 3147 606 3226; x_wconf 83' lang='lat' dir='ltr'><strong>Veray3</strong></span> <span class='ocrx_word' id='word_1_257' title='bbox 629 3149 802 3208; x_wconf 85' lang='lat' dir='ltr'><strong>Ebodurum</strong></span> <span class='ocrx_word' id='word_1_258' title='bbox 824 3149 872 3207; x_wconf 88' lang='lat' dir='ltr'><strong>vel</strong></span> <span class='ocrx_word' id='word_1_259' title='bbox 893 3148 1086 3207; x_wconf 84' lang='lat' dir='ltr'><strong>Ebrudunum</strong></span> <span class='ocrx_word' id='word_1_260' title='bbox 1108 3167 1201 3225; x_wconf 92' lang='lat' dir='ltr'><strong>prope</strong></span> <span class='ocrx_word' id='word_1_261' title='bbox 1216 3147 1390 3205; x_wconf 86' lang='lat' dir='ltr'><strong>Villeneuve</strong></span> <span class='ocrx_word' id='word_1_262' title='bbox 1411 3145 1451 3204; x_wconf 89' lang='lat' dir='ltr'><strong>ad</strong></span> <span class='ocrx_word' id='word_1_263' title='bbox 1468 3144 1532 3205; x_wconf 86' lang='lat' dir='ltr'><strong>Le·</strong></span> 
     </span>
     <span class='ocr_line' id='line_1_27' title="bbox 200 3248 1531 3328; baseline 0.002 -24"><span class='ocrx_word' id='word_1_264' title='bbox 200 3264 353 3319; x_wconf 80' lang='lat' dir='ltr'><strong>mannum3</strong></span> <span class='ocrx_word' id='word_1_265' title='bbox 381 3248 581 3322; x_wconf 89' lang='lat' dir='ltr'><strong>Octodurum,</strong></span> <span class='ocrx_word' id='word_1_266' title='bbox 608 3250 696 3309; x_wconf 90' lang='lat' dir='ltr'><strong>bodie</strong></span> <span class='ocrx_word' id='word_1_267' title='bbox 723 3251 889 3328; x_wconf 80' lang='lat' dir='ltr'><strong>Martigny3</strong></span> <span class='ocrx_word' id='word_1_268' title='bbox 917 3251 1138 3327; x_wconf 86' lang='lat' dir='ltr'><strong>Drusomagum</strong></span> <span class='ocrx_word' id='word_1_269' title='bbox 1160 3250 1201 3310; x_wconf 92' lang='lat' dir='ltr'><strong>ibi</strong></span> <span class='ocrx_word' id='word_1_270' title='bbox 1224 3250 1353 3308; x_wconf 81' lang='lat' dir='ltr'><strong>sortasse</strong></span> <span class='ocrx_word' id='word_1_271' title='bbox 1374 3248 1425 3308; x_wconf 93' lang='lat' dir='ltr'><strong>ubi</strong></span> <span class='ocrx_word' id='word_1_272' title='bbox 1447 3266 1531 3308; x_wconf 86' lang='lat' dir='ltr'><strong>nune</strong></span> 
     </span>
     <span class='ocr_line' id='line_1_28' title="bbox 200 3347 373 3410; baseline 0.017 -4"><span class='ocrx_word' id='word_1_273' title='bbox 200 3357 246 3407; x_wconf 90' lang='lat' dir='ltr'><strong>est</strong></span> <span class='ocrx_word' id='word_1_274' title='bbox 267 3347 373 3410; x_wconf 88' lang='lat' dir='ltr'><strong>Sitten.</strong></span> 
     </span>
    </p>
   </div>
   <div class='ocr_carea' id='block_1_4' title="bbox 199 3452 1530 5270">
    <p class='ocr_par' dir='ltr' id='par_1_4' title="bbox 200 3452 1530 3637">
     <span class='ocr_line' id='line_1_29' title="bbox 282 3452 1530 3529; baseline 0.002 -20"><span class='ocrx_word' id='word_1_275' title='bbox 282 3452 435 3512; x_wconf 89' lang='lat' dir='ltr'><strong>Hactenus</strong></span> <span class='ocrx_word' id='word_1_276' title='bbox 467 3455 502 3513; x_wconf 92' lang='lat' dir='ltr'><strong>de</strong></span> <span class='ocrx_word' id='word_1_277' title='bbox 531 3455 713 3515; x_wconf 89' lang='lat' dir='ltr'><strong>Ptolemaeo.</strong></span> <span class='ocrx_word' id='word_1_278' title='bbox 761 3457 825 3515; x_wconf 90' lang='lat' dir='ltr'><strong>Iam</strong></span> <span class='ocrx_word' id='word_1_279' title='bbox 857 3455 1023 3526; x_wconf 85' lang='lat' dir='ltr'><strong>videamus,</strong></span> <span class='ocrx_word' id='word_1_280' title='bbox 1056 3474 1125 3514; x_wconf 90' lang='lat' dir='ltr'><strong>num</strong></span> <span class='ocrx_word' id='word_1_281' title='bbox 1153 3456 1183 3512; x_wconf 92' lang='lat' dir='ltr'><strong>in</strong></span> <span class='ocrx_word' id='word_1_282' title='bbox 1212 3454 1307 3513; x_wconf 86' lang='lat' dir='ltr'><strong>titulis</strong></span> <span class='ocrx_word' id='word_1_283' title='bbox 1334 3454 1530 3529; x_wconf 85' lang='lat' dir='ltr'><strong>explicandis</strong></span> 
     </span>
     <span class='ocr_line' id='line_1_30' title="bbox 200 3553 1404 3637; baseline 0.002 -26"><span class='ocrx_word' id='word_1_284' title='bbox 200 3553 354 3630; x_wconf 88' lang='lat' dir='ltr'><strong>Zippelius</strong></span> <span class='ocrx_word' id='word_1_285' title='bbox 377 3556 500 3614; x_wconf 91' lang='lat' dir='ltr'><strong>meliore</strong></span> <span class='ocrx_word' id='word_1_286' title='bbox 520 3558 640 3616; x_wconf 80' lang='lat' dir='ltr'><strong>fortuna</strong></span> <span class='ocrx_word' id='word_1_287' title='bbox 660 3576 732 3617; x_wconf 91' lang='lat' dir='ltr'><strong>usus</strong></span> <span class='ocrx_word' id='word_1_288' title='bbox 755 3560 795 3616; x_wconf 88' lang='lat' dir='ltr'><strong>sit</strong></span> <span class='ocrx_word' id='word_1_289' title='bbox 815 3578 904 3637; x_wconf 91' lang='lat' dir='ltr'><strong>quam</strong></span> <span class='ocrx_word' id='word_1_290' title='bbox 927 3559 957 3616; x_wconf 91' lang='lat' dir='ltr'><strong>in</strong></span> <span class='ocrx_word' id='word_1_291' title='bbox 979 3556 1201 3633; x_wconf 88' lang='lat' dir='ltr'><strong>interpretando</strong></span> <span class='ocrx_word' id='word_1_292' title='bbox 1224 3557 1404 3634; x_wconf 85' lang='lat' dir='ltr'><strong>geograpbo.</strong></span> 
     </span>
    </p>

    <p class='ocr_par' dir='ltr' id='par_1_5' title="bbox 199 3655 1529 5270">
     <span class='ocr_line' id='line_1_31' title="bbox 283 3655 1528 3736; baseline 0.004 -23"><span class='ocrx_word' id='word_1_293' title='bbox 283 3655 404 3715; x_wconf 88' lang='lat' dir='ltr'><strong>Titulus</strong></span> <span class='ocrx_word' id='word_1_294' title='bbox 430 3658 668 3736; x_wconf 87' lang='lat' dir='ltr'><strong>Interprominue</strong></span> <span class='ocrx_word' id='word_1_295' title='bbox 690 3661 812 3719; x_wconf 81' lang='lat' dir='ltr'><strong>vollX</strong></span> <span class='ocrx_word' id='word_1_296' title='bbox 840 3680 868 3718; x_wconf 92' lang='lat' dir='ltr'><strong>n.</strong></span> <span class='ocrx_word' id='word_1_297' title='bbox 894 3661 973 3718; x_wconf 83' lang='lat'>3044</span> <span class='ocrx_word' id='word_1_298' title='bbox 1002 3661 1065 3718; x_wconf 90' lang='lat' dir='ltr'><strong>sive</strong></span> <span class='ocrx_word' id='word_1_299' title='bbox 1086 3659 1164 3736; x_wconf 90' lang='lat' dir='ltr'><strong>apud</strong></span> <span class='ocrx_word' id='word_1_300' title='bbox 1186 3658 1360 3717; x_wconf 88' lang='lat' dir='ltr'><strong>Heuzenum</strong></span> <span class='ocrx_word' id='word_1_301' title='bbox 1388 3678 1419 3716; x_wconf 84' lang='lat' dir='ltr'><strong>n.</strong></span> <span class='ocrx_word' id='word_1_302' title='bbox 1443 3658 1528 3718; x_wconf 85' lang='grc'><strong>6939</strong></span> 
     </span>
     <span class='ocr_line' id='line_1_32' title="bbox 200 3759 1527 3839; baseline 0.003 -24"><span class='ocrx_word' id='word_1_303' title='bbox 200 3759 307 3817; x_wconf 87' lang='lat' dir='ltr'><strong>aetatis</strong></span> <span class='ocrx_word' id='word_1_304' title='bbox 335 3759 515 3818; x_wconf 88' lang='lat' dir='ltr'><strong>Tiberianae</strong></span> <span class='ocrx_word' id='word_1_305' title='bbox 542 3763 620 3821; x_wconf 91' lang='lat' dir='ltr'><strong>inter</strong></span> <span class='ocrx_word' id='word_1_306' title='bbox 649 3764 793 3834; x_wconf 89' lang='lat' dir='ltr'><strong>honores,</strong></span> <span class='ocrx_word' id='word_1_307' title='bbox 822 3780 897 3839; x_wconf 90' lang='lat' dir='ltr'><strong>quos</strong></span> <span class='ocrx_word' id='word_1_308' title='bbox 926 3763 1074 3838; x_wconf 87' lang='lat' dir='ltr'><strong>equestris</strong></span> <span class='ocrx_word' id='word_1_309' title='bbox 1101 3760 1215 3820; x_wconf 90' lang='lat' dir='ltr'><strong>ordinis</strong></span> <span class='ocrx_word' id='word_1_310' title='bbox 1243 3762 1289 3819; x_wconf 88' lang='lat' dir='ltr'><strong>vir</strong></span> <span class='ocrx_word' id='word_1_311' title='bbox 1315 3759 1386 3821; x_wconf 87' lang='lat' dir='ltr'><strong>Sex.</strong></span> <span class='ocrx_word' id='word_1_312' title='bbox 1410 3759 1527 3820; x_wconf 90' lang='lat' dir='ltr'><strong>Pedius</strong></span> 
     </span>
     <span class='ocr_line' id='line_1_33' title="bbox 199 3860 1528 3942; baseline 0.002 -23"><span class='ocrx_word' id='word_1_313' title='bbox 199 3860 351 3919; x_wconf 87' lang='lat' dir='ltr'><strong>Lusianus</strong></span> <span class='ocrx_word' id='word_1_314' title='bbox 378 3861 519 3921; x_wconf 87' lang='lat' dir='ltr'><strong>Hirrutua</strong></span> <span class='ocrx_word' id='word_1_315' title='bbox 546 3873 724 3923; x_wconf 91' lang='lat' dir='ltr'><strong>consecutus</strong></span> <span class='ocrx_word' id='word_1_316' title='bbox 754 3876 814 3935; x_wconf 92' lang='lat' dir='ltr'><strong>est,</strong></span> <span class='ocrx_word' id='word_1_317' title='bbox 846 3884 912 3922; x_wconf 89' lang='lat' dir='ltr'><strong>oum</strong></span> <span class='ocrx_word' id='word_1_318' title='bbox 939 3866 1029 3923; x_wconf 86' lang='lat' dir='ltr'><strong>verba</strong></span> <span class='ocrx_word' id='word_1_319' title='bbox 1056 3872 1149 3942; x_wconf 89' lang='lat' dir='ltr'><strong>ponat</strong></span> <span class='ocrx_word' id='word_1_320' title='bbox 1172 3868 1258 3939; x_wconf 69' lang='lat' dir='ltr'><strong>print.</strong></span> <span class='ocrx_word' id='word_1_321' title='bbox 1283 3866 1338 3940; x_wconf 88' lang='lat' dir='ltr'><strong>pil.</strong></span> <span class='ocrx_word' id='word_1_322' title='bbox 1362 3865 1415 3939; x_wconf 72' lang='lat' dir='ltr'><strong>lep.</strong></span> <span class='ocrx_word' id='word_1_323' title='bbox 1433 3863 1528 3936; x_wconf 84' lang='lat' dir='ltr'><strong>XXI,</strong></span> 
     </span>
     <span class='ocr_line' id='line_1_34' title="bbox 199 3963 1527 4042; baseline 0.003 -22"><span class='ocrx_word' id='word_1_324' title='bbox 199 3963 319 4039; x_wconf 84' lang='lat' dir='ltr'><strong>prn[es.]</strong></span> <span class='ocrx_word' id='word_1_325' title='bbox 336 3964 436 4022; x_wconf 85' lang='lat' dir='ltr'><strong>Raetia</strong></span> <span class='ocrx_word' id='word_1_326' title='bbox 454 3966 611 4026; x_wconf 78' lang='lat' dir='ltr'><strong>Vindelicis</strong></span> <span class='ocrx_word' id='word_1_327' title='bbox 634 3966 732 4042; x_wconf 81' lang='lat' dir='ltr'><strong>valli[e</strong></span> <span class='ocrx_word' id='word_1_328' title='bbox 744 3967 903 4041; x_wconf 73' lang='lat' dir='ltr'><strong>Ploeniaae</strong></span> <span class='ocrx_word' id='word_1_329' title='bbox 918 3978 943 4026; x_wconf 84' lang='lat' dir='ltr'><strong>et</strong></span> <span class='ocrx_word' id='word_1_330' title='bbox 959 3968 1026 4025; x_wconf 84' lang='lat' dir='ltr'><strong>levis</strong></span> <span class='ocrx_word' id='word_1_331' title='bbox 1041 3967 1244 4041; x_wconf 81' lang='lat' dir='ltr'><strong>armatur(ue),</strong></span> <span class='ocrx_word' id='word_1_332' title='bbox 1266 3966 1335 4024; x_wconf 92' lang='lat' dir='ltr'><strong>inde</strong></span> <span class='ocrx_word' id='word_1_333' title='bbox 1354 3965 1527 4024; x_wconf 86' lang='lat' dir='ltr'><strong>confirmari</strong></span> 
     </span>
     <span class='ocr_line' id='line_1_35' title="bbox 199 4064 1529 4146; baseline 0.002 -24"><span class='ocrx_word' id='word_1_334' title='bbox 199 4064 262 4123; x_wconf 80' lang='lat' dir='ltr'><strong>dixi</strong></span> <span class='ocrx_word' id='word_1_335' title='bbox 290 4076 351 4123; x_wconf 89' lang='lat' dir='ltr'><strong>tres</strong></span> <span class='ocrx_word' id='word_1_336' title='bbox 378 4066 446 4124; x_wconf 89' lang='lat' dir='ltr'><strong>illas</strong></span> <span class='ocrx_word' id='word_1_337' title='bbox 474 4069 610 4145; x_wconf 84' lang='lat' dir='ltr'><strong>regiones</strong></span> <span class='ocrx_word' id='word_1_338' title='bbox 638 4070 695 4127; x_wconf 88' lang='lat' dir='ltr'><strong>sub</strong></span> <span class='ocrx_word' id='word_1_339' title='bbox 722 4069 827 4127; x_wconf 86' lang='lat' dir='ltr'><strong>eodem</strong></span> <span class='ocrx_word' id='word_1_340' title='bbox 849 4070 987 4146; x_wconf 88' lang='lat' dir='ltr'><strong>praeside</strong></span> <span class='ocrx_word' id='word_1_341' title='bbox 1009 4069 1113 4127; x_wconf 85' lang='lat' dir='ltr'><strong>fuisse.</strong></span> <span class='ocrx_word' id='word_1_342' title='bbox 1158 4066 1272 4126; x_wconf 80' lang='lat' dir='ltr'><strong>Contra</strong></span> <span class='ocrx_word' id='word_1_343' title='bbox 1298 4086 1374 4144; x_wconf 89' lang='lat' dir='ltr'><strong>quae</strong></span> <span class='ocrx_word' id='word_1_344' title='bbox 1399 4068 1529 4142; x_wconf 86' lang='lat' dir='ltr'><strong>protulit</strong></span> 
     </span>
     <span class='ocr_line' id='line_1_36' title="bbox 200 4168 1527 4248; baseline 0.002 -23"><span class='ocrx_word' id='word_1_345' title='bbox 200 4168 369 4245; x_wconf 89' lang='lat' dir='ltr'><strong>Zippelius,</strong></span> <span class='ocrx_word' id='word_1_346' title='bbox 392 4169 448 4227; x_wconf 90' lang='lat' dir='ltr'><strong>hoc</strong></span> <span class='ocrx_word' id='word_1_347' title='bbox 470 4179 584 4228; x_wconf 89' lang='lat' dir='ltr'><strong>tantum</strong></span> <span class='ocrx_word' id='word_1_348' title='bbox 607 4173 733 4248; x_wconf 89' lang='lat' dir='ltr'><strong>probant</strong></span> <span class='ocrx_word' id='word_1_349' title='bbox 755 4191 820 4230; x_wconf 91' lang='lat' dir='ltr'><strong>eum</strong></span> <span class='ocrx_word' id='word_1_350' title='bbox 843 4191 898 4230; x_wconf 91' lang='lat' dir='ltr'><strong>nec</strong></span> <span class='ocrx_word' id='word_1_351' title='bbox 917 4171 1034 4229; x_wconf 88' lang='lat' dir='ltr'><strong>titulum</strong></span> <span class='ocrx_word' id='word_1_352' title='bbox 1056 4171 1239 4229; x_wconf 85' lang='lat' dir='ltr'><strong>intellexisse</strong></span> <span class='ocrx_word' id='word_1_353' title='bbox 1261 4188 1315 4228; x_wconf 91' lang='lat' dir='ltr'><strong>nec</strong></span> <span class='ocrx_word' id='word_1_354' title='bbox 1336 4170 1527 4228; x_wconf 85' lang='lat' dir='ltr'><strong>constitutio-</strong></span> 
     </span>
     <span class='ocr_line' id='line_1_37' title="bbox 200 4270 1526 4348; baseline 0.003 -22"><span class='ocrx_word' id='word_1_355' title='bbox 200 4289 266 4327; x_wconf 90' lang='lat' dir='ltr'><strong>nem</strong></span> <span class='ocrx_word' id='word_1_356' title='bbox 290 4270 447 4329; x_wconf 87' lang='lat' dir='ltr'><strong>militarem</strong></span> <span class='ocrx_word' id='word_1_357' title='bbox 463 4273 528 4332; x_wconf 90' lang='lat' dir='ltr'><strong>eius</strong></span> <span class='ocrx_word' id='word_1_358' title='bbox 543 4273 649 4332; x_wconf 90' lang='lat' dir='ltr'><strong>aetatis</strong></span> <span class='ocrx_word' id='word_1_359' title='bbox 666 4273 740 4332; x_wconf 88' lang='lat' dir='ltr'><strong>satia</strong></span> <span class='ocrx_word' id='word_1_360' title='bbox 756 4273 906 4332; x_wconf 86' lang='lat' dir='ltr'><strong>didicisse.</strong></span> <span class='ocrx_word' id='word_1_361' title='bbox 939 4272 1018 4330; x_wconf 88' lang='lat' dir='ltr'><strong>Nam</strong></span> <span class='ocrx_word' id='word_1_362' title='bbox 1034 4274 1113 4348; x_wconf 91' lang='lat' dir='ltr'><strong>quod</strong></span> <span class='ocrx_word' id='word_1_363' title='bbox 1128 4274 1233 4331; x_wconf 89' lang='lat' dir='ltr'><strong>statuit</strong></span> <span class='ocrx_word' id='word_1_364' title='bbox 1246 4271 1402 4329; x_wconf 90' lang='lat' dir='ltr'><strong>Hirrutum</strong></span> <span class='ocrx_word' id='word_1_365' title='bbox 1419 4271 1526 4331; x_wconf 91' lang='lat' dir='ltr'><strong>eodem</strong></span> 
     </span>
     <span class='ocr_line' id='line_1_38' title="bbox 199 4373 1526 4451; baseline 0.002 -23"><span class='ocrx_word' id='word_1_366' title='bbox 199 4381 332 4446; x_wconf 89' lang='lat' dir='ltr'><strong>tempore</strong></span> <span class='ocrx_word' id='word_1_367' title='bbox 353 4381 383 4429; x_wconf 90' lang='lat' dir='ltr'><strong>et</strong></span> <span class='ocrx_word' id='word_1_368' title='bbox 403 4375 529 4448; x_wconf 90' lang='lat' dir='ltr'><strong>primum</strong></span> <span class='ocrx_word' id='word_1_369' title='bbox 551 4375 644 4450; x_wconf 92' lang='lat' dir='ltr'><strong>pilum</strong></span> <span class='ocrx_word' id='word_1_370' title='bbox 666 4375 697 4432; x_wconf 92' lang='lat' dir='ltr'><strong>iu</strong></span> <span class='ocrx_word' id='word_1_371' title='bbox 720 4375 837 4450; x_wconf 84' lang='lat' dir='ltr'><strong>legione</strong></span> <span class='ocrx_word' id='word_1_372' title='bbox 859 4375 933 4432; x_wconf 89' lang='lat' dir='ltr'><strong>XXI</strong></span> <span class='ocrx_word' id='word_1_373' title='bbox 959 4375 1082 4433; x_wconf 86' lang='lat' dir='ltr'><strong>duxisse</strong></span> <span class='ocrx_word' id='word_1_374' title='bbox 1105 4385 1134 4433; x_wconf 90' lang='lat' dir='ltr'><strong>et</strong></span> <span class='ocrx_word' id='word_1_375' title='bbox 1155 4374 1323 4451; x_wconf 87' lang='lat' dir='ltr'><strong>praefuisse</strong></span> <span class='ocrx_word' id='word_1_376' title='bbox 1343 4373 1402 4431; x_wconf 91' lang='lat' dir='ltr'><strong>levi</strong></span> <span class='ocrx_word' id='word_1_377' title='bbox 1426 4392 1526 4432; x_wconf 89' lang='lat' dir='ltr'><strong>arma·</strong></span> 
     </span>
     <span class='ocr_line' id='line_1_39' title="bbox 199 4472 1527 4552; baseline 0.002 -21"><span class='ocrx_word' id='word_1_378' title='bbox 199 4483 280 4531; x_wconf 89' lang='lat' dir='ltr'><strong>tures</strong></span> <span class='ocrx_word' id='word_1_379' title='bbox 304 4472 435 4531; x_wconf 88' lang='lat' dir='ltr'><strong>eiusdem</strong></span> <span class='ocrx_word' id='word_1_380' title='bbox 457 4475 581 4550; x_wconf 86' lang='lat' dir='ltr'><strong>legionis</strong></span> <span class='ocrx_word' id='word_1_381' title='bbox 603 4477 734 4552; x_wconf 88' lang='lat' dir='ltr'><strong>itemque</strong></span> <span class='ocrx_word' id='word_1_382' title='bbox 755 4477 859 4534; x_wconf 86' lang='lat' dir='ltr'><strong>Raetis</strong></span> <span class='ocrx_word' id='word_1_383' title='bbox 882 4476 1090 4535; x_wconf 88' lang='lat' dir='ltr'><strong>etVindolieis</strong></span> <span class='ocrx_word' id='word_1_384' title='bbox 1112 4477 1142 4534; x_wconf 91' lang='lat' dir='ltr'><strong>in</strong></span> <span class='ocrx_word' id='word_1_385' title='bbox 1163 4476 1270 4534; x_wconf 80' lang='lat' dir='ltr'><strong>vallem</strong></span> <span class='ocrx_word' id='word_1_386' title='bbox 1286 4475 1451 4533; x_wconf 91' lang='lat' dir='ltr'><strong>Poeninam</strong></span> <span class='ocrx_word' id='word_1_387' title='bbox 1475 4476 1527 4533; x_wconf 90' lang='lat' dir='ltr'><strong>de·</strong></span> 
     </span>
     <span class='ocr_line' id='line_1_40' title="bbox 200 4575 1527 4655; baseline 0.003 -23"><span class='ocrx_word' id='word_1_388' title='bbox 200 4575 306 4648; x_wconf 89' lang='lat' dir='ltr'><strong>ductis,</strong></span> <span class='ocrx_word' id='word_1_389' title='bbox 329 4583 358 4632; x_wconf 89' lang='lat' dir='ltr'><strong>et</strong></span> <span class='ocrx_word' id='word_1_390' title='bbox 373 4594 438 4633; x_wconf 89' lang='lat' dir='ltr'><strong>cum</strong></span> <span class='ocrx_word' id='word_1_391' title='bbox 454 4576 532 4652; x_wconf 82' lang='lat' dir='ltr'><strong>legio</strong></span> <span class='ocrx_word' id='word_1_392' title='bbox 548 4596 634 4635; x_wconf 87' lang='lat' dir='ltr'><strong>eaeo</strong></span> <span class='ocrx_word' id='word_1_393' title='bbox 650 4589 781 4655; x_wconf 88' lang='lat' dir='ltr'><strong>tempore</strong></span> <span class='ocrx_word' id='word_1_394' title='bbox 797 4579 924 4637; x_wconf 87' lang='lat' dir='ltr'><strong>fortasse</strong></span> <span class='ocrx_word' id='word_1_395' title='bbox 946 4579 977 4636; x_wconf 92' lang='lat' dir='ltr'><strong>in</strong></span> <span class='ocrx_word' id='word_1_396' title='bbox 993 4577 1155 4637; x_wconf 82' lang='lat' dir='ltr'><strong>Germania</strong></span> <span class='ocrx_word' id='word_1_397' title='bbox 1176 4579 1328 4655; x_wconf 86' lang='lat' dir='ltr'><strong>superiore</strong></span> <span class='ocrx_word' id='word_1_398' title='bbox 1347 4577 1527 4648; x_wconf 85' lang='lat' dir='ltr'><strong>constiterit,</strong></span> 
     </span>
     <span class='ocr_line' id='line_1_41' title="bbox 201 4676 1527 4756; baseline 0.004 -22"><span class='ocrx_word' id='word_1_399' title='bbox 201 4677 306 4735; x_wconf 87' lang='lat' dir='ltr'><strong>vellem</strong></span> <span class='ocrx_word' id='word_1_400' title='bbox 329 4676 493 4737; x_wconf 87' lang='lat' dir='ltr'><strong>Poeninam</strong></span> <span class='ocrx_word' id='word_1_401' title='bbox 520 4679 562 4737; x_wconf 88' lang='lat' dir='ltr'><strong>ita</strong></span> <span class='ocrx_word' id='word_1_402' title='bbox 588 4689 663 4737; x_wconf 90' lang='lat' dir='ltr'><strong>tecte</strong></span> <span class='ocrx_word' id='word_1_403' title='bbox 690 4699 758 4738; x_wconf 89' lang='lat' dir='ltr'><strong>curn</strong></span> <span class='ocrx_word' id='word_1_404' title='bbox 784 4682 840 4738; x_wconf 88' lang='lat' dir='ltr'><strong>hac</strong></span> <span class='ocrx_word' id='word_1_405' title='bbox 861 4681 1013 4756; x_wconf 89' lang='lat' dir='ltr'><strong>provincia</strong></span> <span class='ocrx_word' id='word_1_406' title='bbox 1036 4681 1197 4753; x_wconf 89' lang='lat' dir='ltr'><strong>contribui,</strong></span> <span class='ocrx_word' id='word_1_407' title='bbox 1225 4690 1297 4756; x_wconf 92' lang='lat' dir='ltr'><strong>quot</strong></span> <span class='ocrx_word' id='word_1_408' title='bbox 1323 4678 1430 4752; x_wconf 87' lang='lat' dir='ltr'><strong>verba,</strong></span> <span class='ocrx_word' id='word_1_409' title='bbox 1457 4680 1527 4739; x_wconf 87' lang='lat' dir='ltr'><strong>toti·</strong></span> 
     </span>
     <span class='ocr_line' id='line_1_42' title="bbox 200 4778 1527 4859; baseline 0.003 -23"><span class='ocrx_word' id='word_1_410' title='bbox 200 4778 266 4836; x_wconf 91' lang='lat' dir='ltr'><strong>dem</strong></span> <span class='ocrx_word' id='word_1_411' title='bbox 294 4797 410 4837; x_wconf 91' lang='lat' dir='ltr'><strong>errores</strong></span> <span class='ocrx_word' id='word_1_412' title='bbox 436 4794 513 4838; x_wconf 89' lang='lat' dir='ltr'><strong>sunt.</strong></span> <span class='ocrx_word' id='word_1_413' title='bbox 559 4780 679 4841; x_wconf 87' lang='lat' dir='ltr'><strong>Scilicet</strong></span> <span class='ocrx_word' id='word_1_414' title='bbox 705 4801 759 4840; x_wconf 82' lang='lat' dir='ltr'><strong>nce</strong></span> <span class='ocrx_word' id='word_1_415' title='bbox 784 4782 863 4859; x_wconf 84' lang='lat' dir='ltr'><strong>legio</strong></span> <span class='ocrx_word' id='word_1_416' title='bbox 890 4782 979 4841; x_wconf 89' lang='lat' dir='ltr'><strong>huius</strong></span> <span class='ocrx_word' id='word_1_417' title='bbox 1005 4784 1111 4840; x_wconf 86' lang='lat' dir='ltr'><strong>aetatis</strong></span> <span class='ocrx_word' id='word_1_418' title='bbox 1138 4783 1231 4840; x_wconf 90' lang='lat' dir='ltr'><strong>levem</strong></span> <span class='ocrx_word' id='word_1_419' title='bbox 1259 4790 1441 4841; x_wconf 83' lang='lat' dir='ltr'><strong>armaturam</strong></span> <span class='ocrx_word' id='word_1_420' title='bbox 1467 4780 1527 4841; x_wconf 89' lang='lat' dir='ltr'><strong>sibi</strong></span> 
     </span>
     <span class='ocr_line' id='line_1_43' title="bbox 199 4880 1528 4961; baseline 0.005 -23"><span class='ocrx_word' id='word_1_421' title='bbox 199 4881 348 4957; x_wconf 90' lang='lat' dir='ltr'><strong>propriam</strong></span> <span class='ocrx_word' id='word_1_422' title='bbox 376 4880 488 4952; x_wconf 86' lang='lat' dir='ltr'><strong>habuit,</strong></span> <span class='ocrx_word' id='word_1_423' title='bbox 515 4902 569 4940; x_wconf 91' lang='lat' dir='ltr'><strong>nec</strong></span> <span class='ocrx_word' id='word_1_424' title='bbox 595 4885 645 4960; x_wconf 92' lang='lat' dir='ltr'><strong>qui</strong></span> <span class='ocrx_word' id='word_1_425' title='bbox 671 4885 796 4960; x_wconf 89' lang='lat' dir='ltr'><strong>primum</strong></span> <span class='ocrx_word' id='word_1_426' title='bbox 823 4885 915 4961; x_wconf 91' lang='lat' dir='ltr'><strong>pilum</strong></span> <span class='ocrx_word' id='word_1_427' title='bbox 939 4885 1064 4943; x_wconf 87' lang='lat' dir='ltr'><strong>ducebat</strong></span> <span class='ocrx_word' id='word_1_428' title='bbox 1085 4885 1173 4943; x_wconf 86' lang='lat' dir='ltr'><strong>simul</strong></span> <span class='ocrx_word' id='word_1_429' title='bbox 1195 4883 1360 4943; x_wconf 82' lang='lat' dir='ltr'><strong>auxiliariis</strong></span> <span class='ocrx_word' id='word_1_430' title='bbox 1382 4902 1528 4961; x_wconf 85' lang='lat' dir='ltr'><strong>praeesse</strong></span> 
     </span>
     <span class='ocr_line' id='line_1_44' title="bbox 199 4982 1528 5064; baseline 0.008 -25"><span class='ocrx_word' id='word_1_431' title='bbox 199 4983 304 5059; x_wconf 87' lang='lat' dir='ltr'><strong>potuit,</strong></span> <span class='ocrx_word' id='word_1_432' title='bbox 327 5002 382 5040; x_wconf 91' lang='lat' dir='ltr'><strong>nec</strong></span> <span class='ocrx_word' id='word_1_433' title='bbox 403 4982 440 5040; x_wconf 89' lang='lat' dir='ltr'><strong>de</strong></span> <span class='ocrx_word' id='word_1_434' title='bbox 462 4984 587 5043; x_wconf 88' lang='lat' dir='ltr'><strong>mirifica</strong></span> <span class='ocrx_word' id='word_1_435' title='bbox 608 4986 661 5043; x_wconf 92' lang='lat' dir='ltr'><strong>illa</strong></span> <span class='ocrx_word' id='word_1_436' title='bbox 682 4986 859 5046; x_wconf 88' lang='lat' dir='ltr'><strong>deductione</strong></span> <span class='ocrx_word' id='word_1_437' title='bbox 880 4986 1041 5045; x_wconf 89' lang='lat' dir='ltr'><strong>Raetorum</strong></span> <span class='ocrx_word' id='word_1_438' title='bbox 1059 4987 1341 5064; x_wconf 89' lang='lat' dir='ltr'><strong>Vindelicorumque</strong></span> <span class='ocrx_word' id='word_1_439' title='bbox 1360 4985 1393 5045; x_wconf 90' lang='lat' dir='ltr'><strong>in</strong></span> <span class='ocrx_word' id='word_1_440' title='bbox 1414 4986 1528 5049; x_wconf 79' lang='lat' dir='ltr'><strong>Poeni-</strong></span> 
     </span>
     <span class='ocr_line' id='line_1_45' title="bbox 199 5085 1529 5167; baseline 0.008 -25"><span class='ocrx_word' id='word_1_441' title='bbox 199 5104 253 5143; x_wconf 88' lang='lat' dir='ltr'><strong>nas</strong></span> <span class='ocrx_word' id='word_1_442' title='bbox 280 5085 372 5161; x_wconf 82' lang='lat' dir='ltr'><strong>Alpes</strong></span> <span class='ocrx_word' id='word_1_443' title='bbox 401 5087 559 5162; x_wconf 89' lang='lat' dir='ltr'><strong>quicquam</strong></span> <span class='ocrx_word' id='word_1_444' title='bbox 590 5089 730 5146; x_wconf 88' lang='lat' dir='ltr'><strong>traditum</strong></span> <span class='ocrx_word' id='word_1_445' title='bbox 758 5091 912 5148; x_wconf 83' lang='lat' dir='ltr'><strong>habemus.</strong></span> <span class='ocrx_word' id='word_1_446' title='bbox 967 5088 1104 5166; x_wconf 90' lang='lat' dir='ltr'><strong>Denique</strong></span> <span class='ocrx_word' id='word_1_447' title='bbox 1135 5089 1303 5167; x_wconf 88' lang='lat' dir='ltr'><strong>primipilus</strong></span> <span class='ocrx_word' id='word_1_448' title='bbox 1331 5087 1463 5166; x_wconf 74' lang='lat' dir='ltr'><strong>legionis</strong></span> <span class='ocrx_word' id='word_1_449' title='bbox 1486 5088 1529 5151; x_wconf 80' lang='lat' dir='ltr'><strong>ad</strong></span> 
     </span>
     <span class='ocr_line' id='line_1_46' title="bbox 199 5188 1529 5270; baseline 0.011 -27"><span class='ocrx_word' id='word_1_450' title='bbox 199 5196 351 5262; x_wconf 88' lang='lat' dir='ltr'><strong>equestres</strong></span> <span class='ocrx_word' id='word_1_451' title='bbox 375 5188 495 5249; x_wconf 89' lang='lat' dir='ltr'><strong>militias</strong></span> <span class='ocrx_word' id='word_1_452' title='bbox 517 5207 593 5266; x_wconf 90' lang='lat' dir='ltr'><strong>quae</strong></span> <span class='ocrx_word' id='word_1_453' title='bbox 615 5200 780 5267; x_wconf 88' lang='lat' dir='ltr'><strong>sequuntur</strong></span> <span class='ocrx_word' id='word_1_454' title='bbox 805 5208 992 5268; x_wconf 89' lang='lat' dir='ltr'><strong>nequaquam</strong></span> <span class='ocrx_word' id='word_1_455' title='bbox 1018 5193 1160 5270; x_wconf 89' lang='lat' dir='ltr'><strong>pertinet,</strong></span> <span class='ocrx_word' id='word_1_456' title='bbox 1190 5191 1242 5251; x_wconf 88' lang='lat' dir='ltr'><strong>sed</strong></span> <span class='ocrx_word' id='word_1_457' title='bbox 1267 5191 1325 5252; x_wconf 83' lang='lat' dir='ltr'><strong>hoc</strong></span> <span class='ocrx_word' id='word_1_458' title='bbox 1349 5190 1394 5253; x_wconf 79' lang='lat' dir='ltr'><strong>ait</strong></span> <span class='ocrx_word' id='word_1_459' title='bbox 1418 5190 1529 5258; x_wconf 61' lang='grc' dir='ltr'><strong>Μ</strong></span> 
     </span>
    </p>
   </div>
   <div class='ocr_carea' id='block_1_5' title="bbox 0 0 1742 5812">
    <p class='ocr_par' dir='ltr' id='par_1_6' title="bbox 0 0 1742 5812">
     <span class='ocr_line' id='line_1_47' title="bbox 0 0 1742 5812; baseline 0 1"><span class='ocrx_word' id='word_1_460' title='bbox 0 0 1742 5812; x_wconf 95' lang='lat' dir='ltr'><strong> </strong></span> 
     </span>
    </p>
   </div>
  </div>
 </body>
</html>
