3474 5812
343 430 364 499 2
533 529 541 540 .
629 453 812 507 MOMMSEN
839 454 1133 506 rrananonocrvu
1161 454 1391 505 aanrnauvu.

342 627 494 700 antiquam
521 637 622 684 notam
650 628 823 697 desiderari,
852 630 927 685 duos
956 629 1057 703 (Mart.
1075 627 1123 687 27.
1144 631 1219 704 Apr.
1237 625 1290 702 28)
1317 624 1517 685 Caeretanum
1549 626 1591 700 (v.
1609 627 1675 703 eplr.

341 728 401 785 vol.
418 728 466 785 ΙΙΙ
488 748 516 804 p.
539 729 586 804 8),
614 729 671 786 hoc
693 731 926 805 hemerologium
948 731 1066 806 tertium
1093 729 1215 787 sustulit
1237 747 1332 805 neque
1361 729 1421 786 iam
1451 738 1605 786 remanent
1631 729 1676 784 in·

340 831 413 888 certi
439 832 499 888 uisi
529 849 634 889 norem
662 831 749 891 Febr.
774 833 803 890 ὃ.
836 831 922 889 Mart.
941 832 968 889 o.
1004 833 1121 908 April.
1156 831 1257 887 Iuli.
1285 833 1364 907 Aug.
1384 829 1455 888 Li.
1492 829 1572 906 Sept.
1593 829 1620 886 2.
1646 830 1674 888 3.

342 930 411 990 Oet.
431 931 477 989 12.
494 966 534 974 —
550 931 636 991 Unde
659 934 874 992 consectarium
897 942 943 991 cst
965 935 1058 991 fastos
1074 933 1226 990 Allifanus
1250 933 1361 1010 pariter
1383 941 1471 1007 atque
1488 930 1675 990 Caeretanos

340 1035 383 1091 ita
397 1036 525 1111 scriptos
541 1052 618 1107 esse,
647 1044 679 1092 ut
694 1036 807 1094 dierum
824 1045 895 1092 nota
910 1037 1032 1110 antiqua
1047 1036 1233 1104 retineretur,
1256 1034 1327 1092 licet
1342 1035 1477 1092 condicio
1494 1034 1552 1091 diei
1569 1044 1675 1109 postea

340 1136 459 1212 publice
481 1147 596 1195 mutata
618 1147 710 1209 esset3
735 1158 803 1195 nam
827 1155 943 1214 pugnae
966 1137 1161 1195 Plrarsalicae
1184 1137 1274 1194 lorias
1297 1137 1355 1211 ipsi
1379 1136 1553 1193 adscribunt
1579 1153 1675 1210 neque

340 1239 475 1309 omnino,
506 1241 562 1297 etsi
590 1259 649 1296 non
675 1239 894 1311 adscriberent,
926 1239 962 1296 ad
992 1248 1107 1315 tempus
1135 1257 1199 1295 eam
1228 1257 1357 1315 pugnam
1385 1239 1566 1314 praecedens
1594 1250 1673 1294 recte

339 1340 528 1398 referrentur.
572 1339 708 1416 Eamque
731 1342 825 1416 legem
842 1361 909 1399 vore
932 1343 963 1398 in
985 1343 1023 1398 iis
1047 1341 1133 1398 lastis
1152 1351 1297 1416 perpetuo
1319 1341 1499 1398 custoditam
1516 1357 1583 1396 esse
1605 1339 1674 1395 inde

339 1441 540 1515 confirmatur,
564 1443 642 1518 quod
665 1444 741 1501 alter
763 1445 827 1501 dies
849 1443 983 1500 eiusdem
1007 1443 1191 1500 condicionis
1214 1444 1243 1500 in
1264 1442 1350 1499 fastis
1366 1442 1508 1499 Allifanis
1525 1452 1673 1511 servatus,

342 1544 455 1604 scilicet
476 1549 556 1622 Aug.
578 1545 627 1617 28,
653 1553 775 1622 propter
797 1564 879 1602 aram
902 1545 1053 1602 Victoriae
1079 1545 1246 1602 dedicatam
1274 1563 1300 1600 a.
1319 1543 1377 1602 725
1406 1563 1444 1600 ex
1472 1543 1672 1601 comitialibus

339 1659 497 1722 exemptus
521 1658 551 1705 et
571 1649 683 1705 relatus
706 1648 936 1718 intersericum,
957 1648 988 1704 in
1010 1647 1116 1705 iisdem
1138 1647 1207 1703 item
1232 1647 1391 1703 comitialis
1414 1655 1468 1703 est.
1513 1644 1592 1703 Nam
1616 1655 1673 1704 ter·

340 1749 413 1807 tium
429 1751 508 1825 Aug.
528 1750 565 1807 10
587 1769 646 1807 non
669 1768 792 1808 numero
814 1749 951 1807 feriatum
975 1749 1085 1808 factum
1109 1767 1187 1806 anno
1211 1755 1243 1805 ut
1265 1748 1381 1806 videtur
1404 1768 1432 1823 p.
1449 1745 1554 1804 Chri
1581 1767 1672 1823 prop·

340 1860 385 1908 ter
411 1870 479 1908 aras
503 1849 606 1910 Cereri
634 1863 662 1911 et
684 1851 743 1928 Opi
768 1852 933 1922 dedicatas3
961 1870 1012 1909 eas
1040 1851 1116 1908 onim
1141 1850 1231 1907 ferias
1258 1849 1328 1908 fasti
1351 1850 1473 1906 Allifani
1495 1868 1562 1908 cum
1585 1851 1672 1908 omit·

340 1961 413 2024 tant,
435 1962 504 2011 ante
526 1954 705 2012 constitutas
728 1953 819 2011 ferias
841 1971 892 2010 eas
915 1953 1060 2029 propositi
1084 1951 1145 2010 sint
1166 1970 1288 2009 necesse
1309 1959 1364 2010 est.

423 2053 509 2129 Quae
531 2074 623 2133 supra
644 2056 848 2131 exposuimus,
871 2055 991 2112 maioris
1014 2055 1156 2112 momenti
1178 2054 1305 2111 sortasse
1329 2063 1397 2111 sunt
1419 2071 1507 2127 quam
1535 2053 1673 2110 videntur

339 2173 416 2214 esse.
452 2155 571 2216 Scilicet
593 2177 688 2235 nuper
703 2157 852 2214 Iordanus
875 2162 903 2214 in
927 2158 1056 2234 egregiis
1080 2157 1115 2214 do
1137 2155 1337 2232 topographia
1358 2155 1440 2212 urbis
1456 2155 1569 2212 Romae
1591 2173 1673 2212 com·

340 2260 494 2317 meutariis
522 2260 561 2333 (l,
584 2259 643 2317 409
667 2259 744 2335 seq.)
772 2259 801 2315 id
824 2258 903 2334 quod
927 2269 1015 2316 antea
1036 2259 1098 2316 iere
1121 2257 1272 2315 obtinebat
1300 2267 1328 2313 ct
1351 2257 1415 2332 ipse
1437 2274 1554 2332 quoque
1578 2257 1672 2314 admi·

339 2368 420 2419 serat
440 2373 558 2438 pontem
575 2361 736 2419 Aemilium
759 2380 785 2418 a.
801 2358 859 2418 732
876 2360 921 2418 vel
939 2360 997 2419 733
1022 2361 1131 2418 sactum
1148 2377 1225 2428 esse,
1247 2359 1315 2416 ideo
1330 2359 1441 2429 reiecit,
1464 2359 1544 2433 quod
1561 2359 1671 2416 mentio

339 2463 404 2520 eius
426 2463 461 2519 iit
487 2463 518 2521 iu
542 2463 630 2521 fastis
653 2462 699 2518 his
722 2463 815 2540 (Aug.
836 2463 902 2538 17>3
932 2480 984 2519 eos
1013 2461 1089 2520 enim
1122 2473 1244 2536 propter
1266 2459 1324 2518 diei
1348 2464 1426 2536 Aug.
1445 2459 1482 2518 28
1511 2470 1612 2518 notam
1639 2470 1670 2518 et

341 2582 398 2642 ego
426 2562 475 2637 (C.
499 2564 588 2624 vol.I
611 2585 639 2641 p.
657 2562 731 2639 294)
760 2565 895 2623 dixeram
927 2575 956 2621 et
981 2564 1128 2622 Iordanus
1159 2564 1278 2621 tenebat
1311 2564 1482 2639 propositos
1509 2580 1576 2620 esse
1603 2572 1672 2620 ante

340 2684 366 2726 a.
383 2687 411 2725 u.
428 2685 453 2724 c.
471 2664 540 2723 725.
585 2667 627 2723 At
648 2667 676 2724 ei
697 2677 871 2742 argumento
893 2666 1016 2724 nimium
1038 2666 1109 2723 olim
1133 2685 1178 2722 me
1199 2666 1341 2722 tribuisse
1364 2673 1396 2721 ut
1418 2664 1476 2720 ium
1492 2675 1560 2722 ante
1583 2665 1671 2722 intel·

247 2793 256 2811 ·
339 2769 472 2826 lexeram
500 2767 671 2826 admonitus
697 2768 785 2827 fastis
815 2766 1007 2838 Caeretanis,
1036 2767 1078 2825 ita
1104 2768 1161 2826 iam
1193 2786 1280 2824 nemo
1317 2767 1436 2841 negabit
1461 2785 1500 2823 ex
1527 2767 1565 2824 iis
1592 2767 1672 2823 notis

304 2903 312 2915 ·
340 2879 458 2947 tempus
485 2888 544 2945 quo
572 2871 660 2928 incisi
686 2872 747 2929 sint
773 2871 842 2929 lasti
866 2869 988 2927 Allifani
1016 2868 1114 2944 colligi
1142 2887 1199 2926 uon
1222 2887 1311 2945 posse
1333 2887 1429 2943 neque
1451 2869 1611 2944 quicquam
1635 2869 1672 2924 de

340 2981 438 3031 aetate
460 2991 562 3030 eorum
587 2982 734 3043 constare,
757 2973 813 3030 nisi
835 2972 914 3048 quod
936 2971 1079 3048 propositi
1102 2979 1170 3028 sunt
1189 2979 1257 3027 ante
1280 2991 1306 3028 a.
1324 2990 1351 3045 p.
1369 2968 1439 3028 Chr.
1453 2969 1482 3042 7,
1505 2971 1531 3027 si
1551 2970 1670 3044 quidem

338 3074 478 3133 consules
501 3073 638 3133 Creticus
661 3084 691 3132 et
713 3073 836 3150 Longus
860 3093 928 3131 vere
950 3093 984 3130 eo
1008 3092 1086 3130 anno
1110 3074 1205 3129 fasces
1228 3081 1393 3130 tenuerunt.

1326 3245 1328 3248 >
1372 3209 1431 3266 Tn.
1454 3210 1627 3268 Moimsnu.
