3494 5812
287 442 362 513 244
858 457 1042 509 uouusau

286 635 390 694 eadere
418 633 506 691 modo
531 632 675 702 vidimus,
703 631 834 690 secundo
860 633 987 708 legionis
1009 632 1176 690 centurioni
1199 632 1242 689 ita
1262 633 1479 709 aequiperatur‚
1503 642 1619 693 uttam

290 740 327 796 ab
349 739 405 795 hoc
427 736 464 794 ad
487 735 570 793 illum
593 753 682 811 quam
706 736 743 791 ab
766 735 819 792 illo
842 734 979 792 adhunc
1002 752 1161 810 processus
1183 743 1263 792 recte
1284 735 1345 793 fiat.
1395 734 1500 797 Solent
1521 747 1620 798 autem

286 841 326 899 ad
352 840 580 898 trecenariatum
608 837 777 913 promoveri
800 838 850 912 qui
878 846 965 895 antea
990 838 1020 895 in
1045 838 1116 894 urbe
1139 837 1205 894 loco
1228 838 1419 896 honoratiore
1439 850 1620 914 meruerunt,

287 960 467 1020 quamquam
494 959 554 998 non
584 939 649 997 sine
674 940 814 1026 exemplo
848 949 895 997 est
927 939 1110 998 centurionis
1143 939 1299 1016 legionarii
1328 940 1367 999 ad
1394 944 1621 1004 trecenariatum

286 1061 455 1122 processus.
492 1042 558 1100 lam
574 1059 644 1098 vero
667 1061 732 1099 eum
755 1042 928 1101 trecenariis
945 1043 1052 1100 cohors
1074 1041 1203 1100 adscribi
1226 1042 1323 1100 soleat
1344 1062 1440 1120 neque
1461 1045 1621 1121 quicquam

288 1147 400 1206 indicet
421 1146 451 1203 in
475 1144 603 1221 singulis
626 1144 799 1204 cohortibus
822 1145 890 1222 plus
913 1163 1001 1221 quam
1025 1145 1161 1222 singulos
1183 1146 1366 1204 trecenarios
1387 1146 1491 1220 fuisse,
1521 1148 1621 1207 admo·

288 1251 357 1307 dum
385 1246 538 1324 probabile
566 1255 612 1304 est
638 1248 823 1325 singularum
852 1248 1017 1305 cohortium
1045 1248 1261 1323 praetoriarum
1289 1249 1476 1307 centuriones
1509 1251 1623 1327 primos

287 1353 344 1409 hoc
366 1351 486 1408 nomine
508 1348 676 1426 appellatos
698 1367 775 1407 esse.
819 1350 974 1425 Principes
1003 1359 1101 1407 autem
1128 1358 1293 1407 castrorum
1321 1359 1350 1407 et
1378 1352 1464 1427 ipsos
1491 1361 1624 1411 trecena-

288 1455 352 1512 rios
372 1446 465 1511 fuisse
487 1471 553 1510 cum
576 1471 613 1509 ex
637 1452 724 1510 titulo
746 1471 774 1510 n.
793 1453 831 1510 88
855 1453 932 1510 effici
949 1453 1086 1510 rideatur
1108 1451 1190 1526 (nam
1213 1452 1375 1511 secundum
1391 1473 1458 1512 eum
1482 1465 1533 1512 aut
1554 1473 1624 1530 pro·

289 1574 394 1614 cessus
418 1555 593 1613 statuendus
616 1563 661 1613 est
684 1576 702 1612 a
722 1556 891 1631 principatu
917 1564 1084 1612 castrorum
1112 1555 1150 1612 ad
1176 1557 1404 1614 trecenariatum
1427 1576 1532 1633 parum
1554 1576 1622 1635 pro-

290 1658 400 1717 babilis
423 1666 475 1715 aut
496 1658 660 1734 principem
683 1665 847 1716 castrorum
871 1658 961 1715 simul
982 1658 1076 1715 fuisse
1098 1659 1295 1716 trecenarium
1317 1660 1448 1717 cohortis
1470 1659 1533 1717 lllI
1553 1659 1624 1737 pn),

293 1760 448 1838 probabile
470 1769 531 1831 est,
560 1771 592 1818 ut
614 1778 706 1835 supra
727 1760 945 1836 praecepimus,
973 1779 1010 1817 ex
1039 1760 1140 1818 decem
1163 1761 1336 1819 trecenariis
1357 1762 1432 1820 duos
1455 1761 1566 1821 electos
1588 1782 1624 1822 eo
1689 1807 1694 1817 .

292 1881 415 1922 munere
437 1863 555 1921 functos
578 1879 653 1921 esse.
677 1896 711 1905 -
735 1861 864 1937 Reliqua
885 1862 983 1938 posita
1005 1868 1075 1920 sunt
1097 1863 1127 1920 in
1150 1863 1322 1922 coniectura
1345 1863 1458 1922 difficili
1481 1873 1510 1922 et
1533 1866 1625 1940 impe·

292 1967 363 2038 dita,
387 1965 502 2022 scilicet
523 1964 596 2039 quid
612 1964 789 2022 uocabulum
811 1965 957 2041 significet
979 1971 1008 2022 et
1023 1983 1075 2024 cur
1096 1966 1278 2024 trecenarius
1299 1966 1329 2022 in
1351 1967 1498 2024 honorum
1521 1968 1625 2026 ordine

292 2087 325 2126 ea
351 2071 506 2126 trecenario
536 2067 703 2143 appelletur
735 2077 840 2124 contra
866 2067 1109 2125 consuetudinem
1143 2076 1173 2125 et
1198 2071 1319 2126 omniuo
1346 2079 1468 2145 propter
1493 2069 1626 2144 aliquam

291 2188 415 2229 causam
442 2177 553 2227 certam
582 2180 612 2227 et
637 2170 783 2228 idoneam.
827 2170 1002 2228 Trecenarii
1032 2170 1176 2228 vocabulo
1205 2171 1367 2248 significari
1391 2171 1438 2229 cui
1460 2171 1508 2229 ius
1531 2173 1570 2230 sit
1595 2172 1626 2229 in

291 2283 412 2332 trecena
444 2273 613 2330 sestertium
647 2272 731 2330 milia
763 2281 879 2330 constat
911 2273 942 2330 in
975 2281 1167 2346 procuratore
1201 2275 1365 2332 trecenario
1398 2273 1509 2347 (Orell.
1534 2273 1626 2349 946),

293 2375 409 2434 scilicet
430 2375 480 2450 qui
504 2376 645 2433 salarium
669 2393 799 2433 annuum
822 2375 949 2450 accipiat
964 2372 1044 2434 000
1059 2374 1184 2446 milium,
1206 2377 1455 2453 confirmaturque
1477 2377 1626 2437 similibus

292 2480 457 2552 vocabulis,
484 2486 516 2538 ut
541 2478 728 2536 centenarius
758 2478 882 2535 libertus
908 2477 935 2534 is
963 2486 1006 2534 est
1033 2477 1085 2551 qui
1111 2478 1243 2552 possidet
1269 2488 1386 2537 centum
1415 2479 1498 2537 milia
1520 2489 1627 2540 sester-

293 2585 382 2654 tium3
407 2583 460 2642 sed
482 2584 555 2640 haec
578 2580 757 2658 significatio
778 2579 928 2654 quomodo
948 2580 986 2638 ad
1005 2580 1208 2638 centurionem
1229 2580 1312 2638 illurn
1333 2589 1415 2639 recte
1433 2583 1627 2657 applicarem,
1652 2606 1656 2613 ·

294 2687 406 2745 frustra
427 2683 573 2760 quaesivi.
612 2681 690 2740 Nam
713 2701 779 2740 cum
803 2682 914 2740 tribuni
936 2682 1062 2739 militum
1079 2701 1208 2740 annuum
1232 2683 1375 2742 salarium
1395 2692 1513 2742 constet
1535 2685 1629 2746 fuisse

294 2788 465 2848 sestertium
488 2793 680 2844 centenorum
702 2784 816 2842 milium
839 2803 1001 2855 nummum,
1028 2804 1066 2841 ne
1092 2785 1197 2862 optimi
1218 2784 1339 2860 quidem
1368 2786 1439 2843 iuris
1461 2789 1628 2847 centurioni

294 2894 485 2967 praetoriano
509 2889 621 2964 triplex
644 2889 743 2944 datum
774 2905 842 2945 esse
865 2895 973 2963 potest.
1019 2884 1107 2958 Quod
1130 2889 1156 2944 si
1178 2886 1216 2944 ad
1239 2888 1403 2964 praemium
1425 2889 1540 2947 referas
1560 2909 1629 2949 eum

295 2994 421 3051 honesta
447 2992 590 3050 missione
618 2989 763 3047 eiusmodi
787 2989 954 3047 centurioni
976 2988 1161 3060 solvendum,
1184 3008 1220 3046 ne
1243 2991 1298 3048 hoc
1321 2991 1439 3067 quidem
1463 2993 1537 3051 satis
1560 3002 1630 3069 apta

295 3095 503 3155 conciliabitur
531 3112 598 3152 cum
624 3092 766 3169 praemiis
792 3092 995 3169 primipilatus
1028 3091 1149 3149 omnino
1175 3093 1271 3167 magis
1297 3092 1449 3165 honorati3
1475 3108 1630 3170 praeterea

298 3218 405 3275 parum
426 3197 525 3274 placet
551 3194 666 3272 optima
687 3202 785 3252 aetate
812 3214 878 3251 eum
902 3195 931 3251 in
953 3195 1021 3271 ipsa
1046 3194 1152 3252 militia
1177 3195 1370 3253 trecenarium
1394 3197 1461 3266 dici,
1490 3198 1537 3254 cui
1561 3209 1632 3271 post

295 3301 463 3360 absolutam
495 3317 559 3356 cam
589 3306 710 3355 trecena
739 3296 887 3355 destinata
920 3296 989 3353 sint.
1033 3297 1137 3372 ltaque
1171 3305 1222 3353 aut
1249 3297 1326 3353 ratio
1355 3299 1501 3374 quaedam
1529 3301 1631 3359 subest

297 3404 383 3461 uobis
411 3403 501 3479 plane
526 3401 632 3478 ignota
657 3400 788 3457 fortasse
816 3417 881 3457 cum
910 3417 979 3456 arca
1005 3399 1152 3456 cohortali
1178 3399 1349 3470 coniuncta,
1382 3410 1433 3458 aut
1466 3420 1501 3459 eo
1528 3403 1631 3460 eonsu-

297 3506 437 3582 giendum
465 3511 518 3573 est,
545 3501 625 3578 quod
652 3509 813 3578 potuerunt
840 3501 969 3559 fortasse
996 3501 1016 3558 ii
1043 3519 1164 3577 quoque
1190 3502 1345 3560 trecenarii
1372 3509 1451 3561 recte
1474 3505 1631 3579 appellari,

299 3609 350 3685 qui
374 3607 500 3666 trecenis
524 3605 667 3663 militibus
690 3612 873 3680 praeessent.
916 3602 992 3661 Nam
1023 3604 1049 3660 si
1071 3603 1168 3680 primo
1187 3604 1248 3679 pilo
1270 3604 1399 3681 legionis
1422 3606 1632 3684 quadringenti

297 3711 434 3771 homines
457 3708 612 3784 parebant,
639 3706 716 3763 sicut
739 3723 832 3781 supra
858 3725 887 3782 p.
905 3704 964 3763 228
988 3705 1128 3778 vidimus,
1155 3706 1226 3763 item
1252 3707 1348 3783 primo
1376 3708 1471 3765 ordini
1499 3709 1630 3767 cohortis

297 3813 429 3873 cuiusvis
456 3810 623 3888 praetoriae
650 3809 760 3866 treceni
787 3808 852 3867 dari
879 3817 1049 3885 potuerunt.
1068 3838 1104 3849 —
1126 3807 1271 3867 Formula
1297 3818 1396 3867 autem
1419 3829 1452 3867 ea
1478 3815 1632 3870 trecenario

298 3917 428 3973 fortasse
455 3913 522 3970 ideo
549 3920 669 3988 recepta
701 3919 762 3981 est,
795 3911 876 3985 quod
909 3911 1123 3969 trecenariatus
1157 3912 1313 3969 universae
1346 3913 1469 3971 militiae
1503 3915 1633 3972 urbanae

300 4034 434 4076 summus
457 4015 568 4094 gradus
589 4014 654 4084 fuit,
682 4014 814 4072 maxime
836 4015 863 4070 si
891 4025 971 4071 recte
994 4013 1151 4070 statuimus
1174 4014 1301 4087 primum
1330 4014 1463 4073 ordinem
1490 4017 1633 4090 praetorii

300 4120 431 4178 universi
464 4130 579 4175 mature
612 4117 755 4175 abolitum
788 4133 863 4173 esse.
909 4115 1016 4191 Itaque
1044 4115 1207 4173 trecenario
1237 4117 1380 4191 praetorii
1407 4119 1518 4192 pariter
1545 4128 1633 4193 atque

299 4221 460 4299 primopilo
487 4220 615 4296 legionis
638 4219 748 4276 iamin
771 4236 825 4277 sua
845 4217 954 4276 militia
975 4235 1135 4292 processus
1159 4216 1257 4275 nullus
1281 4226 1437 4295 supererat
1459 4228 1488 4276 et
1511 4230 1543 4278 ut
1564 4241 1634 4296 pro-

300 4333 470 4383 moveretur
492 4323 704 4381 transeundum
733 4322 758 4377 ei
786 4330 850 4378 erat
875 4320 912 4378 ad
938 4319 1061 4377 militiae
1088 4338 1183 4397 genus
1211 4320 1369 4390 diversum,
1401 4322 1515 4379 seilicet
1541 4323 1633 4398 legio·

299 4426 464 4502 narium1).
511 4422 590 4484 Sane
622 4430 763 4499 quattuor
796 4423 846 4498 qui
879 4422 1037 4480 formulam
1069 4421 1151 4483 illam
1181 4422 1323 4480 exhibent
1351 4423 1428 4481 tituli
1460 4443 1564 4482 omncs
1592 4426 1635 4483 ita

381 4611 404 4675 ¹)
425 4613 550 4664 Similiter
570 4612 685 4662 centurio
705 4612 861 4676 legionarius
880 4628 905 4661 n.
920 4614 956 4661 40
981 4627 1038 4660 cunr
1062 4619 1122 4675 post
1146 4612 1337 4660 centurionatus
1362 4612 1485 4662 adscribit
1504 4630 1534 4662 err
1552 4615 1635 4664 corrri-

303 4705 424 4767 calar(r'o)
444 4705 652 4771 pr·aef(ecto-rum)
672 4704 838 4770 pr(uetorr‘o),
858 4705 908 4754 hoc
927 4705 1054 4768 significat
1072 4710 1131 4753 ante
1151 4705 1278 4769 stipendia
1298 4706 1472 4755 centurionica
1490 4707 1636 4771 gregalibus

304 4816 330 4848 se
351 4800 387 4847 ita
406 4800 520 4848 functum
541 4814 604 4858 esse,
626 4807 652 4847 ut
672 4799 705 4846 ad
725 4813 838 4847 summos
858 4799 911 4845 eius
931 4797 1037 4845 militiae
1057 4796 1152 4860 gradus
1172 4797 1323 4860 perveniret,
1351 4799 1418 4846 iuter
1437 4814 1502 4863 quos
1522 4806 1560 4847 cst
1579 4814 1634 4848 cor-

304 4892 479 4940 niculariatus.
519 4890 638 4940 Conlerri
663 4893 756 4954 poterit
780 4890 841 4938 item
866 4890 953 4937 titulus
978 4890 1113 4939 Firmanus
1134 4889 1223 4949 (Orcll.
1245 4888 1327 4948 3157)
1353 4891 1485 4940 dedicatus
1505 4892 1636 4954 praelecto

303 4984 432 5047 praetorio
453 4983 553 5031 cuidam
575 4998 590 5032 a
609 4983 762 5047 primipilari
782 4998 812 5031 ex
832 4982 1002 5031 cornr'calcrio
1022 4982 1111 5048 rpsr'as.
1151 4982 1269 5045 Denique
1294 4983 1383 5031 unicus
1404 4985 1446 5047 qui
1474 4984 1584 5032 innotuit
1604 4999 1636 5032 cx

304 5075 436 5124 classiaria
460 5076 552 5124 militia
576 5075 608 5123 ad
638 5075 821 5139 primipilatum
841 5082 973 5139 promotus
993 5075 1108 5135 (lleuzcn
1129 5073 1199 5123 6875
1216 5094 1248 5114 =
1266 5075 1354 5123 vol.X
1379 5092 1403 5123 n.
1419 5075 1501 5136 3348)
1522 5077 1557 5124 ait
1578 5091 1635 5124 eum

304 5184 331 5216 se
350 5168 471 5232 adeptum
491 5184 545 5216 esse
564 5184 594 5216 er
613 5164 763 5228 n(ararcdo)
778 5167 919 5234 prirrc(r'pe)
934 5166 1054 5228 cl(aasr's),
1075 5167 1111 5216 ita
1130 5167 1198 5216 enim
1219 5167 1269 5215 iam
1290 5166 1375 5216 iudico
1395 5175 1470 5217 notas
1489 5163 1536 5217 has
1558 5169 1636 5218 iuter-
