3474 5812
525 514 578 564 An
607 514 766 565 nrnvnos
794 513 986 566 urseauos.
1372 496 1417 566 21

74 687 132 744 Ad
158 708 187 745 n.
204 687 297 746 3695.
342 687 473 746 Teeeera
493 688 652 763 hospitalis
675 688 894 747 Bocchoritana
915 695 1000 747 extat
1021 687 1118 747 adhuc
1139 689 1277 761 Palmae,
1303 696 1422 747 servata

121 789 168 848 ibi
192 789 273 866 apud
295 789 460 848 Iohannem
482 787 606 850 Sureda.

76 946 116 1005 F.
135 946 225 1006 Fita
246 951 354 1006 reviato
375 947 513 1006 historica
535 949 554 1004 4
577 945 687 1022 (1877)
710 967 738 1023 p.
756 946 830 1019 200,
857 947 907 1023 qui
931 946 1014 1005 addit
1033 947 1181 1021 quaedam
1204 947 1341 1018 deloco,
1368 946 1420 1005 ubi

78 1049 159 1108 olim
181 1050 303 1108 inventa
323 1059 378 1121 eat,
400 1049 481 1107 dioto
503 1050 530 1106 el
546 1051 651 1124 prodat
673 1050 707 1107 de
720 1049 847 1124 Bopudr.
884 1049 932 1106 Ibi
948 1048 1093 1107 Bocchori
1111 1048 1253 1125 oppidum
1270 1058 1419 1107 vetustum

81 1153 180 1211 situm
207 1152 300 1209 luisse
325 1170 419 1227 prope
441 1151 633 1222 Pollentiam,
661 1169 738 1226 quae
760 1164 865 1225 postea
885 1151 1037 1222 inclaruit,
1064 1160 1183 1227 praeter
1204 1158 1348 1208 tesseram
1371 1150 1419 1208 de·

82 1256 253 1312 monstrari
281 1253 417 1327 reliqniis
443 1255 535 1311 variis
563 1253 602 1309 ibi
630 1253 769 1328 repertis,
802 1253 903 1328 aquila
932 1271 1032 1323 aerea,
1066 1254 1208 1324 nummis,
1241 1252 1420 1327 patellarum

80 1356 262 1432 fragmentis
296 1364 326 1413 et
359 1354 522 1423 similibus,
552 1353 678 1412 servatis
712 1354 771 1411 illie
804 1354 929 1411 Palmae
961 1355 1041 1430 apud
1073 1353 1258 1412 Ioaohimum
1290 1353 1418 1411 Mariam

80 1458 208 1517 Bover
229 1457 312 1528 olim,
339 1474 417 1514 nunc
440 1455 520 1531 apud
542 1456 679 1514 heredem
702 1456 768 1514 eiua
792 1454 950 1514 Nicolaum
970 1455 1128 1525 Brondo,
1151 1455 1318 1513 Pollentiae
1340 1454 1419 1530 apud

80 1559 264 1618 Michaelem
288 1556 406 1617 Costa.

79 1769 134 1826 Ad
159 1788 188 1826 n.
207 1769 296 1826 3133.
341 1767 459 1839 Hadia,
481 1767 528 1825 nel
549 1769 696 1842 refectorio
720 1767 767 1824 del
787 1775 929 1825 convento.

509 2002 657 2045 flffieanvs
680 2000 844 2044 Avatucvs
868 2003 910 2043 H·
927 2002 998 2044 5·Ε

509 2102 998 2150 ΡΚΟΝΤο·ΡΗᾸΟ·5νΟ·ΑΝ·ΧνΙ

659 2205 844 2247 s·T·T·t

75 2412 305 2471 Venturinue
328 2412 349 2469 f.
365 2411 413 2471 88.
458 2411 515 2468 Vr.
543 2411 652 2468 divisio
680 2411 852 2483 arbitraria,
881 2411 969 2469 lectio
997 2413 1118 2469 omnino
1143 2431 1212 2469 vora
1237 2420 1267 2469 et
1292 2430 1311 2469 a
1332 2413 1417 2471 nullo

77 2528 174 2573 antea
196 2524 256 2572 tam
279 2513 433 2572 emendate
455 2512 590 2569 exhibita
596 2533 604 2582 ;
628 2511 737 2570 habent
753 2512 886 2588 plerique
902 2528 1029 2570 tsrartvs
1043 2528 1191 2571 avaucvs
1207 2523 1259 2571 aut
1274 2514 1395 2572 similia.

77 2725 131 2783 Ad
155 2743 184 2781 n.
201 2723 291 2781 3744.

76 2860 304 2920 Venturinus
326 2860 347 2917 f.
364 2860 401 2918 83
426 2867 514 2919 reete.

77 3069 133 3127 Ad
156 3089 185 3128 n.
201 3069 293 3128 3834.
337 3066 474 3146 Sagunti,
496 3086 585 3144 aopra
607 3087 665 3126 ano
686 3070 806 3128 tolotana
826 3074 857 3127 in
879 3080 957 3128 terro
976 3074 1002 3128 ai
1025 3071 1140 3145 leppevo

664 3307 833 3349 cnavnto

665 3409 833 3452 VlCTORl

708 3510 793 3553 PONT

666 3612 759 3654 Tata-
776 3610 833 3654 Pos

614 3719 625 3756 5
668 3713 786 3756 (ΟΒ-Η

80 3937 302 3998 Venturinue
330 3938 350 3995 f.
369 3939 406 3997 79
423 3957 449 3994 v.
474 3957 520 3997 vv.
549 3956 608 3996 non
635 3936 755 4009 divisis,
787 3956 877 4013 quem
903 3942 1028 4013 apparet
1055 3936 1195 3993 dextrum
1224 3933 1302 3992 tituli
1332 3934 1412 3992 latus

78 4041 239 4100 nonsatis
262 4039 440 4117 dispexieae.
485 4038 533 4098 Οἱ.
557 4040 672 4117 ephem.
696 4040 742 4098 111
764 4059 793 4115 p.
809 4038 859 4097 49.

79 4249 129 4308 Ad
150 4268 180 4307 n.
197 4246 290 4306 3837.
336 4246 473 4327 Sagunti,
496 4251 526 4306 in
548 4269 585 4307 aa
606 4266 712 4306 ruarmo
734 4251 785 4323 qai
802 4264 904 4322 preaao
926 4245 979 4321 (ad
1000 4266 1029 4303 n.
1047 4242 1152 4320 3834).

664 4450 704 4491 Ρ·
724 4448 851 4490 namuro

419 4534 516 4595 l'altre
538 4536 632 4595 lettera
654 4554 739 4594 erano
763 4542 873 4611 coperta
895 4533 976 4592 dallo
999 4543 1076 4591 terra

81 4720 300 4781 Venturinue
321 4722 343 4780 f.
362 4721 399 4779 79
412 4740 438 4779 v.
483 4722 619 4800 Apparet
644 4721 736 4799 igitur
762 4721 822 4779 iam
844 4727 906 4778 tum
929 4720 1071 4777 maiorem
1094 4716 1202 4793 lapidis
1225 4723 1337 4792 partem
1360 4716 1410 4773 ob-

77 4823 193 4883 seruari
215 4841 275 4881 non
297 4825 434 4900 potuisse
456 4823 515 4882 niei
536 4836 618 4882 terra
639 4831 727 4881 antea
746 4831 869 4881 remota.

75 5032 127 5091 Ad
149 5051 179 5090 n.
196 5029 288 5091 3859.
333 5029 470 5110 Sagunti.

77 5166 299 5228 Venturinua
321 5168 340 5227 f.
359 5169 397 5227 79
411 5186 438 5227 v.
460 5167 522 5227 fero
544 5166 621 5228 n'tA
