3474 5812
548 535 600 585 nu
627 534 782 586 mutuos
809 534 1004 586 sisennus.
1416 517 1437 586 5

96 727 189 767 uuum
215 726 255 765 ex
281 708 373 783 legati
403 707 560 766 comitibus
588 710 744 785 parentela
770 717 842 784 puto
870 725 936 764 cum
960 725 995 763 eo
1017 709 1207 767 coniunctum
1230 718 1260 767 et
1282 709 1437 786 dignitatis

96 810 237 869 celsioris
260 809 420 881 hominem,
449 809 572 868 morbus
595 811 635 868 ibi
658 811 860 886 corripuisset.
907 808 971 867 lam
994 820 1081 868 autea
1104 811 1226 869 Matrito
1248 809 1457 887 Olisiponem·

96 913 325 989 proficiscentes
348 930 383 970 so
406 913 602 983 deverterant,
625 914 819 988 antiquitates
842 922 941 971 autem
963 911 1020 969 loci
1043 913 1244 991 neglexerant.

184 1015 220 1073 In
236 1014 332 1073 altera
347 1024 444 1072 autem
460 1013 517 1072 hac
532 1014 662 1090 quinque
680 1015 794 1073 dierum
810 1017 1043 1074 commoratione
1058 1017 1156 1074 locum
1172 1023 1309 1072 accurate
1326 1014 1436 1072 descri-

97 1118 145 1176 bit
159 1115 345 1175 Venturinus
367 1116 387 1174 t'.
407 1115 463 1174 187
477 1137 519 1173 v.:
542 1113 650 1193 ‘questo
665 1118 740 1175 duca
756 1120 770 1174 ὲ
786 1116 932 1177 Giovanni
953 1121 1028 1178 duco
1044 1121 1075 1177 di
1089 1117 1257 1194 Broqonza,
1281 1117 1312 1173 di
1327 1116 1436 1174 Barce·

98 1220 156 1290 los,
185 1227 257 1278 sotto
286 1218 365 1276 titolo
392 1218 437 1276 del
456 1218 538 1295 fiplt‘o
564 1217 712 1289 Tcodosio,
739 1239 752 1278 c
779 1222 921 1279 tnarcltete
948 1224 979 1279 di
1003 1221 1080 1280 Villa
1107 1220 1236 1291 Veneta,
1259 1239 1273 1276 e
1298 1216 1384 1276 Costa
1405 1219 1437 1275 di

103 1316 184 1392 Ure’,
206 1320 326 1378 divitias
347 1320 413 1378 eius
434 1338 557 1396 magnas
578 1322 715 1396 vitaeque
737 1322 925 1396 splendorem
947 1324 1109 1401 praedicat,
1131 1330 1162 1380 et
1181 1323 1259 1380 inter
1281 1320 1340 1377 alia
1360 1319 1435 1377 haec

98 1422 184 1481 addit
208 1421 349 1497 (1:238),
376 1418 467 1481 ‘ledda'
491 1428 590 1498 pratia
616 1425 647 1481 di
674 1425 758 1482 seder
783 1426 814 1481 di
840 1444 931 1483 nuceo
959 1427 989 1484 la
1016 1427 1133 1484 libreria
1159 1425 1207 1482 det
1232 1425 1306 1481 duca
1328 1421 1435 1497 (quam

97 1545 166 1585 eum
188 1525 330 1583 habuisse
351 1524 423 1582 dicit
444 1526 481 1583 ab
504 1544 561 1583 avo
584 1525 703 1596 Iacobo,
727 1525 865 1599 (listinae,
889 1543 918 1587 et
940 1539 1023 1604 patre
1045 1526 1232 1602 Theodosio)
1255 1524 1434 1600 epipliarne

96 1646 152 1703 per
175 1628 284 1704 lepqere
306 1648 325 1685 o
348 1628 459 1703 deporto
489 1647 531 1683 un
558 1627 648 1684 libro
677 1632 711 1686 in
732 1649 828 1687 niano
851 1633 886 1688 di
907 1634 1052 1707 epitossi
1074 1630 1206 1688 antichi
1220 1630 1294 1703 fatti
1316 1644 1433 1684 recorrc

100 1730 153 1788 dol
183 1731 259 1788 duca
281 1729 427 1800 Teodosio,
455 1730 553 1787 buono
587 1731 807 1803 studiosissimo,
841 1734 880 1789 da
912 1734 1018 1791 diversi
1050 1733 1125 1791 locln'
1158 1733 1188 1789 di
1215 1729 1338 1806 Spaqaa
1363 1748 1377 1786 a
1404 1730 1436 1786 di

99 1833 278 1909 Portopallo‚
311 1852 325 1890 e
347 1836 429 1907 presi
459 1836 542 1909 copia
575 1832 621 1890 da'
655 1835 830 1907 infrascrittt'
859 1839 912 1910 pitu
940 1835 1101 1912 principali
1132 1834 1216 1910 deqni
1248 1833 1279 1889 dt
1310 1825 1431 1889 notitia’.

98 1935 211 2010 Incipit
226 1935 294 1993 inde
308 1934 403 1993 altera
418 1934 560 1993 itinerarii
576 1953 657 2011 pars,
674 1954 762 2012 quam
775 1938 812 1995 ab
829 1937 910 1994 illius
926 1937 983 1996 loci
999 1937 1093 1995 titulis
1106 1936 1291 1994 Venturinus
1306 1934 1432 2008 inaugu-

98 2050 190 2095 ratur.
231 2034 379 2094 Novimus
400 2036 604 2095 Theodosium
627 2038 730 2095 ducem
746 2039 927 2117 Bragantiae
947 2040 1050 2098 titulos
1069 2039 1117 2096 dei
1132 2036 1321 2095 Endovsllici
1342 2036 1432 2095 colle·

97 2140 180 2216 gisse
202 2139 255 2214 (cf.
278 2158 354 2214 quae
369 2138 431 2196 dixi
449 2139 505 2197 vol.
521 2140 553 2196 Il
569 2158 598 2214 p.
618 2138 680 2214 17),
702 2141 754 2198 sed
771 2142 907 2218 syllogen
929 2141 1156 2216 inscriptionum
1178 2138 1314 2198 extitisse
1336 2138 1374 2195 ab
1395 2156 1431 2195 eo

97 2241 266 2300 institutam
300 2240 447 2316 suspicari
481 2251 594 2299 tanturn
627 2240 718 2300 licuit.
777 2241 861 2315 Quae
895 2262 973 2301 nunc
1006 2243 1124 2301 demum
1161 2242 1260 2318 prodit
1292 2259 1329 2297 ex
1362 2239 1430 2297 Itali

97 2343 229 2402 hominis
262 2344 435 2420 apographo
469 2344 504 2419 (f.
525 2342 756 2420 uus-etto)
794 2346 867 2402 satis
897 2346 984 2419 pleno
1018 2346 1081 2403 sins
1114 2345 1204 2403 dubio
1237 2342 1319 2417 (nam
1352 2342 1432 2417 quod

98 2446 172 2503 dicit
207 2445 311 2504 titulos
348 2463 381 2503 se
417 2445 616 2520 exscripsisse
652 2446 832 2522 principales
869 2448 965 2516 solos,
1005 2448 1034 2505 id
1071 2467 1109 2504 ne
1144 2446 1295 2505 videretur
1331 2445 1432 2504 omnia

98 2548 288 2624 impudenter
311 2548 490 2625 compilasse
511 2548 698 2623 adscripsit);
721 2549 750 2605 in
766 2549 971 2625 l'ortugalliae
986 2551 1065 2607 enim
1080 2547 1266 2608 bibliothecis
1289 2549 1353 2606 eius
1376 2565 1429 2604 uec

98 2649 167 2708 vola
188 2668 244 2706 nec
265 2650 435 2726 vestigium.
479 2647 602 2726 Sylloge
623 2650 699 2708 inter
722 2651 949 2725 antiquissimas
973 2652 1111 2709 habenda
1132 2658 1187 2721 est,
1210 2669 1286 2725 quas
1308 2648 1428 2726 quidem

96 2752 127 2809 ia
155 2751 224 2829 ipsa
251 2750 438 2829 Portugallia
463 2752 618 2810 institutae
645 2753 706 2810 sint
732 2752 892 2827 (vetustior
919 2762 999 2812 certe
1028 2772 1116 2828 quam
1139 2752 1290 2824 Reseudii‚
1319 2752 1372 2828 qui
1394 2751 1430 2809 ti-

95 2853 175 2912 tulos
199 2851 464 2930 Couimbrigeuses
491 2856 555 2913 sine
582 2854 674 2912 dubio
701 2873 738 2911 ex
766 2855 817 2912 illa
844 2863 959 2913 tanturn
989 2855 1095 2930 novit),
1121 2856 1249 2930 ideoque
1274 2854 1366 2933 digna
1393 2853 1429 2912 de

95 2975 158 3032 qua
183 2956 271 3033 plene
300 2956 454 3015 reseratur.
505 2954 626 3014 Titulos
648 2956 901 3034 Villaviqiosanos
930 2958 977 3015 vel
1004 2978 1042 3016 ex
1070 2957 1180 3015 vicinia
1200 2956 1428 3032 Villaviqiosam

94 3058 213 3117 delatos
239 3078 292 3135 per
320 3058 424 3116 ducem
450 3057 575 3117 eundem
602 3058 806 3117 Theodosium
834 3060 1070 3136 quattuordecim
1097 3076 1221 3117 numero
1255 3057 1333 3132 (noti
1359 3068 1428 3116 sunt

96 3161 218 3219 omniuo
240 3160 344 3238 viginti
371 3159 458 3235 duo),
486 3161 632 3235 aquibus
660 3161 776 3240 sylloge
801 3163 915 3238 incipit,
945 3170 976 3220 ut
1002 3144 1234 3220 consentaneum
1261 3171 1317 3232 cst,
1346 3161 1428 3218 exci-

94 3262 183 3339 piunt
213 3262 382 3321 discrimine
413 3262 495 3320 nullo
531 3260 795 3341 Conimbrigenses
826 3273 884 3322 tres
916 3283 981 3321 cum
1009 3264 1067 3321 loci
1096 3263 1200 3321 incerti
1226 3262 1338 3321 inedito
1367 3281 1426 3319 uno

95 3365 139 3439 (n.
158 3363 201 3439 9),
229 3375 259 3423 et
286 3365 449 3423 recentiore
475 3384 534 3423 uno
561 3365 668 3423 litteris
691 3364 851 3424 Hebraicis
880 3368 1022 3441 inscripto
1045 3366 1175 3423 hominis
1199 3364 1312 3436 ludaei,
1338 3383 1426 3440 quem

94 3469 214 3525 omitto.
257 3466 340 3524 Inter
368 3467 486 3524 titulum
514 3467 573 3525 vol.
590 3467 621 3523 ΙΙ
649 3487 677 3524 11.
695 3467 754 3527 369
784 3478 813 3526 et
839 3467 1020 3526 Hebraicum
1049 3468 1134 3526 illurn
1160 3467 1354 3542 interpositus
1381 3475 1428 3525 est

91 3568 226 3627 ineditus
248 3569 307 3627 loci
328 3569 434 3627 incerti
456 3569 583 3627 medius.
627 3566 797 3645 Sequuntur
820 3569 1052 3647 Olisiponenses
1075 3570 1134 3628 duo
1158 3570 1204 3628 vel
1232 3578 1292 3628 tres
1315 3570 1425 3645 potius,

93 3689 224 3748 quorum
241 3689 318 3729 unus
332 3689 426 3747 paene
442 3690 496 3746 pro
511 3671 622 3729 inedito
637 3671 804 3743 habendus,
826 3672 932 3730 deinde
949 3673 1184 3748 Aquiflavicnsis
1201 3689 1276 3729 unus
1292 3673 1425 3731 omnium

92 3773 283 3832 notissimus.
327 3773 524 3849 Interpositus
539 3773 646 3832 deinde
662 3783 717 3845 est,
740 3775 867 3832 tortasse
890 3775 932 3831 rei
954 3774 1081 3832 alicuius
1102 3773 1297 3851 explicandae
1318 3777 1426 3850 gratia,

89 3875 201 3935 titulus
217 3875 420 3934 Ilurcouensis
437 3875 577 3934 Baeticae
596 3894 684 3948 unus,
706 3894 794 3951 quern
816 3877 969 3953 excipiunt
981 3876 1185 3934 Bracarenses
1207 3894 1261 3934 sex
1284 3876 1423 3952 (quorum

89 3978 165 4036 item
187 3978 274 4036 testis
295 3976 460 4035 Lusitanus
483 3978 710 4054 antiquissimus
734 3978 795 4036 dux
818 3978 1008 4038 Theodosius
1030 3980 1102 4055 cst),
1128 3977 1327 4053 Hispalenses
1354 3988 1424 4053 trec,

91 4078 307 4139 Cordubenses
330 4080 398 4150 dno,
426 4078 612 4156 Caperenses
634 4081 703 4139 falsi
725 4081 783 4139 duo
805 4082 848 4156 (n.
866 4080 923 4139 80*
947 4081 1015 4157 83*)
1037 4082 1099 4138 noti
1122 4080 1252 4156 antiquis
1275 4081 1423 4154 omnibus,

88 4194 155 4241 tum
181 4183 287 4240 iterum
311 4182 553 4258 Aquiflat'ienscs
581 4201 649 4255 sex,
676 4183 752 4241 inter
775 4201 849 4258 qum
877 4201 952 4241 unus
980 4184 1111 4241 ineditus
1139 4190 1185 4241 est
1212 4181 1253 4255 (n.
1270 4181 1338 4258 21),
1366 4203 1424 4242 uua

89 4304 159 4343 cum
181 4285 316 4343 miliariis
332 4285 448 4342 duobus
464 4283 644 4343 Bracarensi
659 4295 688 4342 et
705 4285 929 4361 Aquiflaviensi.
974 4285 1133 4343 Adduntur
1154 4287 1184 4342 in
1207 4285 1265 4342 linc
1288 4284 1424 4361 syllogae

89 4387 171 4445 tituli
205 4387 320 4463 aliquot
351 4387 457 4445 aetatis
488 4387 613 4445 recentis
642 4386 809 4446 Toletauus
838 4384 1085 4446 Salmanticensis
1115 4384 1358 4463 Complutsnses3
1392 4387 1422 4445 hi

87 4491 121 4548 in
144 4490 288 4548 bonorem
310 4489 465 4548 Francisci
486 4488 633 4548 Ximenez
655 4489 815 4547 cardinalis
837 4489 1004 4566 compositi.

175 4589 361 4650 Venturinus
383 4599 481 4649 autem
508 4609 575 4649 cum
596 4591 767 4666 patriarcha
789 4609 844 4651 suo
867 4611 920 4667 per
943 4592 1076 4665 Bodajoa
1098 4592 1259 4649 Beneuento
1284 4589 1421 4663 Galisteo,

88 4712 187 4772 prope
206 4680 410 4769 quod'titulos
431 4693 546 4768 aliquot
564 4693 708 4751 miliarias
729 4694 792 4751 viae
809 4692 961 4751 Romanae
978 4694 1007 4750 la
1023 4692 1154 4752 Celsodo
1173 4693 1269 4751 dictae
1290 4693 1423 4768 descrip-

87 4798 140 4865 sit,
161 4795 269 4854 deinde
284 4815 337 4873 per
353 4795 531 4854 Salamunco
553 4795 720 4853 Vattadottd
731 4795 848 4871 Burpos
859 4796 1011 4853 Briuieeca
1031 4796 1140 4853 Vltoris
1155 4795 1267 4870 oppida
1282 4794 1421 4870 Hispana

88 4896 224 4957 Galliam
251 4898 328 4974 petit
354 4905 443 4972 atque
472 4896 653 4974 Burdigalae
680 4916 746 4954 cum
774 4897 917 4963 cardinali
945 4897 1043 4954 denuo
1071 4897 1217 4955 convenit.
1263 4897 1337 4954 lude
1363 4893 1421 4954 Ca·

85 5000 145 5058 roli
165 4999 214 5058 lx
242 5000 321 5077 regis
345 4999 443 5057 aulam
471 4999 500 5056 in
527 5001 598 5057 urbe
621 4999 705 5056 Btoa
728 5018 787 5057 una
815 5001 946 5058 invisunt
968 5008 1056 5077 atque
1079 4999 1184 5058 deindo
1206 5018 1258 5074 per
1280 4998 1420 5074 Lugudu-

82 5121 157 5162 num
185 5110 218 5160 st
244 5100 343 5180 Alpes
368 5100 519 5160 Poeninas
552 5103 582 5160 in
614 5101 735 5159 ltaliam
766 5101 903 5174 redeunt3
936 5102 982 5160 die
1011 5099 1058 5158 24.
1088 5121 1124 5158 m.
1154 5101 1253 5158 Martii
1281 5120 1307 5157 a.
1340 5100 1418 5158 1572

78 5202 271 5265 Venturinus
295 5202 440 5265 mans
465 5202 561 5263 baras
592 5206 707 5282 patrios
741 5204 854 5263 recolit.
905 5205 940 5261 In
969 5205 1024 5262 hac
1051 5202 1156 5261 ultima
1186 5203 1302 5261 itineris
1336 5210 1420 5279 parte
