3474 5812
466 479 768 535 OBSERVATIONES
788 480 1072 534 arianarnrcan.
1357 461 1429 532 523

105 657 185 733 quod
201 677 239 715 ex
252 656 428 734 cognomine
443 657 522 733 quod
538 666 584 714 est
595 655 759 713 Liuittiona
773 655 852 714 effici
866 655 984 721 videtur
994 654 1144 726 Licinium
1160 673 1256 730 neque
1271 656 1349 714 enim
1364 654 1431 712 inde

104 769 184 818 recte
210 759 360 835 colligitur
382 758 470 816 etiam
495 758 661 818 Suavittam
684 765 714 815 et
733 755 878 815 Livittam
905 756 1082 834 cognomina
1102 757 1132 813 in
1155 774 1212 814 usu
1233 757 1333 816 luisse.
1370 756 1431 814 De·

104 862 195 938 nique
217 860 397 920 eliminanda
417 868 487 919 suut
509 872 648 935 corrupta
665 860 714 918 vel
736 858 924 935 corruptelae
945 867 1094 933 suspecta,
1119 859 1196 917 utin
1210 859 1298 917 titulo
1318 858 1431 916 urbano

104 963 225 1023 Marinii
249 964 321 1021 Arv.
345 984 372 1040 p.
390 962 449 1021 233
473 982 532 1021 non
553 962 664 1019 Facito
685 969 745 1033 est,
769 962 823 1019 sed
843 968 917 1018 teste
941 959 1116 1019 Detlefseno
1139 961 1264 1031 Fausta3
1296 968 1328 1019 ut
1351 960 1432 1020 Cusi-

103 1069 183 1136 nitto,
211 1065 290 1140 quod
317 1066 403 1142 pouit
429 1063 569 1122 Kleinius
596 1064 691 1122 citans
718 1081 757 1121 ex
780 1061 919 1138 Templio
945 1061 1085 1120 Casinitio
1107 1062 1263 1134 Honorati,
1291 1082 1359 1121 vere
1387 1070 1433 1120 est

108 1167 211 1228 Cassia
232 1167 377 1224 Honorati
395 1167 461 1240 filia
483 1167 541 1224 rol.
553 1165 629 1224 VIII
653 1165 789 1235 n.1559;
822 1171 855 1221 ut
878 1162 1008 1223 Senecita
1034 1164 1113 1222 tituli
1134 1164 1432 1239 Britannici'parum

105 1269 180 1327 bene
202 1268 302 1326 traditi
317 1268 443 1325 vol.VII
457 1289 484 1326 n.
499 1266 568 1326 939.
602 1266 680 1326 Nam
702 1267 732 1324 in
755 1264 981 1342 quaestiouibus
1004 1265 1069 1324 eius
1091 1271 1208 1344 generis
1231 1266 1432 1344 grammaticis

105 1380 136 1429 et
156 1369 394 1447 orthographicis
418 1369 511 1426 multo
526 1369 623 1426 minus
643 1375 775 1443 peccant,
797 1367 847 1442 qui
863 1367 966 1425 titulos
982 1386 1084 1427 omnes
1098 1369 1203 1445 procul
1218 1369 1328 1428 habent
1341 1386 1432 1445 quam

105 1473 157 1548 qui
172 1480 282 1531 temere
303 1471 341 1530 iis
365 1479 485 1529 utuntur
506 1469 587 1529 nullo
611 1470 726 1528 delectu
748 1469 889 1544 nulloque
911 1469 1022 1528 iudicio
1038 1470 1180 1529 adhibito.
1212 1470 1308 1530 Immo
1330 1471 1360 1528 in
1376 1470 1432 1528 hac

105 1575 280 1650 quaestione
303 1592 339 1631 ea
360 1573 421 1631 tere
444 1572 510 1631 sola
531 1573 708 1649 cognomina
730 1572 761 1629 in
783 1589 904 1629 censum
921 1571 1051 1644 veniunt,
1073 1591 1149 1648 quae
1171 1583 1201 1632 ct
1218 1573 1352 1649 pluribus
1373 1581 1432 1630 tes·

105 1677 237 1735 timoniis
264 1675 435 1746 fulciuntur,
465 1694 531 1732 cum
553 1674 659 1732 unicus
681 1673 783 1732 titulus
805 1673 914 1749 plebeii
936 1674 1050 1732 ordinis
1072 1676 1110 1733 ob
1131 1675 1163 1734 id
1184 1674 1281 1752 ipsum
1304 1675 1432 1735 auctori·

106 1786 167 1837 tate
190 1796 308 1857 semper
328 1786 438 1848 careat,
460 1786 491 1835 et
511 1785 629 1853 etymon
651 1775 763 1833 habent
784 1776 936 1834 evidenter
958 1776 1119 1837 definitum.

187 1880 323 1958 Purgato
343 1898 413 1936 area
434 1897 510 1954 quae
532 1886 648 1937 restant
663 1878 806 1937 vocabula
821 1887 892 1936 suut
912 1887 1053 1954 quattuor
1068 1888 1181 1938 tantum
1198 1899 1321 1939 numero
1342 1881 1429 1938 haec:

106 1981 246 2053 Gallitta,
267 1982 383 2050 lulitta,
404 1980 524 2039 Pollitta
545 1981 607 2039 sive
628 1981 749 2050 Politia,
768 1979 915 2050 Liuilitta,
937 1999 1061 2056 quorum
1085 1982 1143 2039 tria
1161 1982 1259 2056 prima
1280 1982 1381 2040 multis
1403 1989 1433 2038 et

105 2084 195 2143 certis
217 2084 377 2142 testimonii
401 2082 541 2154 nituntur,
563 2083 593 2140 in
616 2081 663 2140 his
686 2083 815 2159 optimae
836 2083 942 2141 aetatis
969 2083 1157 2158 quibusdam,
1183 2095 1320 2159 quartum
1344 2084 1431 2141 unico

105 2186 193 2245 titulo
209 2186 351 2245 Africano
374 2184 431 2244 vol.
442 2184 520 2242 VIII
542 2204 570 2241 n.
585 2184 675 2253 6777,
690 2183 739 2241 ubi
754 2202 809 2259 pro
830 2184 926 2243 Vilittu
940 2183 1072 2242 Renierii
1096 2184 1255 2260 [Lucilius
1265 2185 1432 2243 Wilmann·

106 2289 169 2348 sius
192 2287 229 2347 de
251 2287 348 2365 lapide
370 2286 498 2362 excepit.
536 2285 602 2344 Iam
624 2286 655 2343 in
676 2285 724 2344 his
747 2305 799 2344 cur
819 2287 924 2362 lingua
949 2286 987 2343 ad
1009 2278 1219 2367 ὑποκοριστικὲν
1246 2288 1345 2346 minus
1372 2287 1432 2346 sol·

105 2389 203 2449 lemne
224 2390 405 2467 confugerit,
433 2389 464 2446 iu
486 2398 589 2464 aperto
612 2396 673 2458 est3
700 2407 767 2446 nam
789 2409 808 2446 a
829 2387 933 2459 Galla,
955 2387 1049 2459 Iulia,
1072 2388 1162 2446 Polla
1184 2387 1247 2446 sive
1268 2388 1359 2460 Pola,
1380 2388 1433 2447 Li·

106 2492 179 2551 villa
201 2492 340 2551 sollemni
362 2491 561 2549 declinatione
576 2509 652 2566 quae
674 2490 863 2549 efficerentur
878 2488 1137 2561 Gallilla,1ulilla‚
1152 2490 1284 2560 Pollilla,
1299 2489 1433 2550 Livililla

104 2602 227 2672 propter
247 2594 379 2670 liquidae
401 2592 605 2668 repetitionem
629 2611 716 2650 aures
738 2592 940 2651 offendissent.

189 2697 334 2772 Epicoeni
360 2699 477 2772 generis
505 2694 652 2753 adiectiva
678 2695 727 2752 ubi
753 2694 784 2752 in
811 2695 989 2770 cognomina
1014 2695 1136 2767 abeunt,
1164 2695 1337 2772 plerumque
1358 2697 1431 2754 viris

105 2798 251 2857 reservari
280 2798 365 2856 norit
397 2797 575 2874 quicumque
606 2796 755 2855 nominum
789 2797 933 2855 rationem
967 2798 1046 2872 apud
1079 2796 1231 2855 Romanos
1266 2799 1430 2875 perpendit.

104 2900 174 2960 Hoc
194 2901 324 2959 fortasse
347 2899 556 2958 observatione
583 2882 641 2957 uon
668 2898 820 2974 indignum
843 2907 889 2957 ast
910 2898 940 2956 iu
964 2898 1056 2957 titulis
1081 2898 1231 2957 Africanis
1254 2900 1431 2977 cognomina

105 3003 252 3079 quaedam
278 3002 435 3060 muliebria
459 3001 581 3078 reperiri
609 3020 648 3058 ex
676 3001 826 3076 epicoenis
855 3001 985 3059 formata
1009 3001 1144 3076 legitima
1170 3001 1366 3060 declinatione
1387 3003 1431 3060 ita

105 3105 270 3176 immutata,
293 3115 326 3162 ut
347 3122 439 3180 genus
461 3113 541 3162 certo
561 3103 672 3160 indicio
695 3103 920 3179 algnificaretur.
954 3101 1005 3163 sia
1027 3103 1375 3162 inveniunturMaiorica
1390 3136 1429 3145 -

105 3207 253 3266 Minorica
273 3240 314 3249 —
335 3206 475 3265 Natalica
497 3240 535 3248 -
557 3205 679 3264 Vitulica
701 3239 739 3247 -
758 3204 890 3281 Spanica.
928 3204 1004 3265 Sunt
1030 3216 1128 3263 tamen
1155 3207 1227 3264 item
1252 3207 1431 3282 cognomina

106 3308 244 3367 similiter
265 3310 394 3368 formata
416 3308 591 3366 necessitate
612 3307 696 3365 nulla
717 3318 850 3386 cogente,
874 3317 906 3366 ut
922 3307 1085 3366 Matroniea
1109 3339 1147 3351 -·
1162 3307 1294 3366 Nonnica
1309 3341 1348 3350 -
1364 3308 1430 3366 Pri·

53 3410 55 3414 ’
105 3412 209 3469 mulien
225 3444 262 3454 -
279 3411 445 3470 Victorinus.
482 3410 530 3467 Ad
551 3409 696 3468 eiusmodi
723 3428 809 3468 usum
832 3411 997 3469 insularum
1019 3410 1183 3468 Baliarium
1211 3411 1332 3468 nomina
1353 3429 1430 3487 quae

105 3533 185 3573 nunc
206 3522 276 3572 suut
297 3514 431 3571 redeunt.

188 3615 231 3676 Ut
256 3616 375 3691 generis
400 3614 596 3672 differentiam
625 3622 736 3672 certam
766 3616 945 3691 cognomina
971 3624 1129 3687 sectantur,
1160 3615 1203 3673 ita
1229 3615 1286 3674 hoc
1311 3634 1429 3698 quoque

105 3737 195 3777 usum
217 3737 330 3788 curare,
353 3737 390 3775 ne
412 3716 589 3792 cognomina
609 3723 638 3774 et
659 3716 778 3774 ethnica
799 3719 1016 3776 confundantur
1037 3738 1073 3776 ea
1093 3727 1171 3776 certe
1193 3735 1270 3793 quae
1291 3718 1329 3777 ab
1352 3718 1429 3776 urbi·

106 3820 163 3879 bus
191 3820 371 3891 derivantur,
404 3819 463 3875 alio
492 3819 557 3877 loco
586 3819 671 3892 (rim.
694 3819 812 3877 Piraei.
834 3818 862 3890 2,
883 3818 956 3894 290)
988 3819 1025 3878 de
1055 3821 1207 3879 homiuum
1238 3820 1428 3895 patriciorum

106 3922 260 3980 vocabulis
289 3921 427 3998 exposui.
472 3919 586 3980 Similis
614 3920 666 3979 Iex
693 3921 723 3978 iu
751 3920 901 3980 Africanis
929 3940 1045 3998 quoque
1072 3922 1194 3981 obtinet.
1241 3921 1321 3981 Nam
1347 3922 1430 3998 Afri-

105 4041 207 4093 canus,
236 4022 372 4093 Maurus,
397 4022 582 4093 Numidicus,
610 4021 762 4093 Gaetulus,
789 4023 930 4094 Noricus,
956 4022 1109 4094 Lacaena,
1134 4025 1281 4083 Aurasius
1307 4023 1429 4082 similia·

105 4144 162 4202 qua
184 4126 297 4203 passim
319 4125 441 4196 adsunt;
464 4135 567 4184 contra
587 4125 617 4182 iu
639 4125 779 4184 universo
798 4125 950 4184 volumina
965 4126 1184 4197 Africanarum,
1207 4126 1265 4184 nisi
1287 4126 1360 4201 quid
1383 4146 1430 4185 me

105 4229 192 4304 fugit,
208 4228 280 4287 haec
296 4236 410 4286 tantum
426 4228 614 4302 reperiuntur
628 4227 805 4305 cognomina
819 4226 981 4303 oppidana:
999 4229 1192 4303 Aquileiensis
1208 4226 1266 4303 (l),
1282 4227 1428 4287 Lambesi-

105 4427 170 4478 haee
189 4427 314 4477 vocabula
332 4426 423 4474 aetatis
443 4425 604 4476 Christianae
626 4425 680 4475 iere
699 4423 816 4474 similiter
839 4424 1046 4490 interpretandas
1064 4432 1123 4476 sunt
1145 4433 1222 4492 atque
1241 4440 1306 4491 quas
1325 4426 1352 4476 in
1372 4443 1429 4477 -οεα

104 4526 199 4569 exeunt
218 4533 295 4584 supra
314 4519 455 4582 explicata;
476 4534 557 4583 neque
577 4520 644 4568 enim
665 4518 783 4567 videntur
801 4519 915 4582 separari
932 4533 1005 4582 posse
1024 4533 1040 4567 a
1059 4516 1124 4568 bona
1143 4527 1168 4568 et
1186 4535 1270 4569 nonna
1288 4518 1427 4580 vocabuIIa,

104 4628 151 4661 nec
170 4613 263 4676 magis,
284 4618 312 4660 ut
330 4611 431 4660 monuit
450 4611 539 4660 doctus
558 4611 655 4659 amicus
676 4609 786 4658 Adultus
806 4610 911 4670 Tobler,
931 4611 962 4661 ab
982 4611 1206 4675 hypocoristoricis
1225 4612 1368 4675 linguarum
1388 4625 1427 4659 re·

105 4705 245 4753 cantiorum
266 4705 351 4768 qualia
370 4712 428 4753 sunt
451 4702 475 4751 Τ
473 4703 563 4751 ereata
582 4709 608 4751 et
629 4700 758 4752 Giulietta.
800 4701 909 4766 Reliqua
928 4703 954 4751 in
973 4703 1027 4751 -ita
1045 4704 1172 4765 linientia,
1200 4712 1325 4768 quatenus
1345 4710 1428 4752 certae

105 4797 319 4860 interpretationis
340 4803 398 4845 sunt
423 4795 461 4856 (id
485 4796 553 4860 quod
578 4810 629 4844 non
657 4795 725 4843 eadit
743 4796 769 4843 in
793 4791 893 4843 Caerite
912 4795 1064 4843 vocabulum
1083 4795 1214 4844 titulorum
1232 4797 1427 4845 Zaraitanorum

105 4888 155 4936 vul.
166 4889 232 4936 VIII
251 4904 276 4937 n.
292 4889 371 4937 4544.
386 4887 468 4948 4545)
489 4889 540 4937 allo
560 4887 702 4951 pertinent,
724 4894 752 4934 ut
770 4894 828 4935 sunt
847 4894 947 4950 praeter
966 4887 1098 4936 Frunitam
1117 4887 1197 4936 Auito
1216 4913 1249 4922 -
1273 4884 1373 4937 Crinito
1392 4914 1425 4924 -

108 4977 200 5046 Cupito
219 5006 252 5014 -
272 4977 298 5028 F
299 4981 363 5028 initu
383 5006 415 5015 —-
437 4977 537 5029 Mellitu
559 5007 591 5013 -
613 4977 716 5044 Popita.
745 4979 859 5028 Nomina
877 4981 972 5028 similia
992 4981 1133 5029 masculina
1151 4995 1262 5044 perrara,
1283 4988 1311 5029 ut
1328 4977 1427 5028 Manita

105 5074 139 5134 V,
155 5074 224 5121 1179
246 5098 278 5106 -
299 5071 374 5121 Reita
394 5073 426 5132 V,
448 5073 518 5121 2743
539 5100 571 5108 —
593 5070 688 5138 Popita
706 5072 739 5130 V,
754 5071 824 5121 7450
849 5073 903 5121 sinc
922 5071 1001 5121 dubio
1026 5071 1135 5122 barbara
1153 5079 1225 5134 suut,
1249 5071 1427 5137 componenda

105 5180 164 5217 cum
183 5162 312 5229 Frnut'tta,
331 5162 445 5228 Nevitta,
470 5162 552 5214 Tritia
572 5164 614 5228 (V,
631 5163 721 5226 7793).
