3474 5812
201 468 274 538 540
771 484 952 539 uounsuu

199 671 302 719 notum
324 670 371 719 est
392 659 449 718 hac
467 667 545 718 certe
568 668 665 719 aetate
687 660 717 718 id
738 661 869 720 officium
891 681 909 718 a
925 681 959 720 re
981 661 1103 719 militari
1123 670 1247 719 eatenm
1267 662 1397 720 alienum
1419 659 1528 729 fuisse,

200 772 235 821 ut
259 763 306 822 rel
328 763 422 821 Asiae
444 762 603 839 proconsul
625 763 746 820 militari
773 764 898 839 imperio
924 782 1030 823 carens
1052 763 1233 838 praefectum
1255 761 1372 820 fabrum
1393 761 1451 821 sibi
1473 779 1530 818 no·

199 862 330 940 minet¹)
353 865 579 941 inveniaturque
601 865 676 924 adeo
698 866 864 942 praefectus
886 871 947 925 iura
968 868 1089 925 dicundo
1111 876 1139 923 et
1158 864 1301 925 iudicibus
1321 859 1529 938 ennicariis').

200 967 406 1026 Nihilominus
428 968 549 1026 dubium
571 978 627 1038 est,
648 987 717 1026 num
740 970 873 1046 legitimo
896 986 1032 1028 sermone
1046 968 1232 1046 praefectura
1245 966 1363 1027 fabrum
1384 987 1403 1025 a
1416 965 1532 1025 militia

200 1070 314 1130 secludi
336 1069 456 1142 debeat3
479 1079 558 1128 certe
581 1071 658 1129 inter
672 1082 732 1128 tres
755 1080 932 1147 quattuorve
954 1071 1076 1130 militias
1098 1078 1263 1147 equestres,
1282 1068 1412 1145 quae-ad
1426 1067 1532 1126 officia

201 1173 345 1249 quaedam
372 1171 518 1250 capienda
543 1173 779 1248 requirebantur,
806 1174 1022 1249 praefecturam
1049 1173 1166 1232 fabrum
1193 1183 1432 1232 connumeratam
1458 1187 1531 1230 esse

201 1275 411 1351 probabilitate
433 1293 492 1332 uon
514 1285 604 1332 caret.

284 1377 401 1436 Deinde
424 1373 577 1435 Secundus
600 1380 629 1435 ia
651 1381 754 1435 emtris
776 1379 837 1435 clini
850 1377 976 1454 Augusti
990 1378 1141 1438 mumius
1164 1380 1312 1437 &cerutus
1329 1385 1385 1436 est.
1418 1375 1456 1433 ld
1476 1384 1552 1433 aut·

201 1479 348 1557 significat
361 1479 439 1537 dona
460 1478 602 1537 militaria
623 1498 688 1538 eum
711 1480 839 1554 equestri
863 1480 985 1539 militiae
1007 1481 1214 1539 convenientia
1236 1481 1321 1539 iussu
1336 1477 1531 1558 imperatoris

201 1601 220 1639 a
245 1581 344 1658 legato
370 1583 537 1658 accepisse,
563 1592 628 1651 aut,
653 1581 730 1657 quod
758 1582 853 1658 magis
881 1582 1071 1653 crediderim,
1103 1582 1296 1660 sequentibus
1321 1582 1401 1641 riam
1429 1588 1531 1658 parat,

202 1694 234 1742 ut
254 1685 382 1743 honores
403 1689 463 1742 sint
484 1685 569 1762 ipsae
591 1683 714 1742 militiae
736 1693 897 1760 equestres.
943 1680 1119 1761 Comparari
1141 1693 1242 1762 potest
1262 1684 1344 1762 qnod
1364 1684 1474 1760 legitur
1497 1681 1531 1739 in

201 1785 286 1845 titulo
303 1782 522 1863 Corfiniensi³)
544 1786 704 1863 reliquisse
727 1804 813 1861 quern
835 1786 929 1845 filium
948 1805 1029 1846 arum
1043 1788 1212 1846 castreeibus
1227 1787 1360 1848 Caesarie
1371 1782 1531 1862 August&

202 1891 317 1947 summis
339 1892 477 1965 equestris
499 1889 608 1946 ordinis
631 1889 783 1947 bonofilius
805 1899 831 1946 et
852 1891 910 1947 iam
931 1892 1075 1964 superiori
1095 1891 1263 1949 marineium
1285 1891 1389 1947 ordini.

284 1992 495 2051 Praefecturas
518 1989 674 2051 Secundus
697 1991 776 2068 cepit
796 1991 961 2049 cohortium
984 1991 1109 2049 duarum
1125 1995 1280 2069 Augustae
1299 1992 1414 2069 primae
1436 1996 1467 2048 et
1480 2007 1533 2048 se·

202 2093 315 2153 cundae
341 2094 496 2153 classicae.
540 2093 621 2151 Illud
647 2111 752 2151 nomen
775 2093 902 2151 sirecte
930 2093 1071 2151 traditum
1097 2103 1158 2167 est,
1186 2102 1217 2153 et
1243 2102 1348 2153 contra
1368 2092 1531 2151 verborum

203 2195 335 2254 ordinem
364 2196 534 2254 sollemnem
561 2206 666 2271 peccat
687 2204 717 2253 et
737 2195 879 2272 primario
902 2196 1020 2253 nomine
1043 2196 1121 2254 male
1142 2197 1269 2255 omisso:
1299 2214 1367 2254 nam
1390 2213 1456 2253 cum
1479 2211 1534 2251 co·

203 2299 304 2356 hortes
325 2298 435 2356 fuerint
449 2297 659 2373 Bracarumi),
682 2296 878 2367 Ituraeorum‚
892 2297 1115 2371 Lusitanorum,
1130 2297 1319 2369 Nerviorum,
1335 2297 1489 2355 Thracum
1500 2293 1533 2370 ⁵)

203 2419 306 2460 omnes
328 2399 494 2477 appellatae
515 2400 627 2476 primae
642 2399 809 2475 Augustae,
833 2401 981 2476 quomodo
1004 2401 1078 2460 haec
1098 2400 1261 2477 appellatio
1282 2400 1360 2458 nude
1380 2409 1461 2458 recte
1484 2398 1534 2455 in·

203 2503 303 2579 tellegi
322 2503 462 2580 potuerit,
486 2520 543 2560 non
562 2501 789 2579 perspicitur⁶).
811 2535 852 2545 -
874 2501 989 2562 Contra
1007 2503 1115 2560 cohors
1131 2502 1163 2560 11
1177 2502 1306 2562 classica
1322 2502 1393 2560 alibi
1407 2518 1534 2577 qnoque

203 2604 426 2680 nominaturi),
454 2623 508 2663 nec
533 2604 691 2681 quicquam
720 2606 833 2676 obstat,
860 2606 1020 2681 quominus
1041 2606 1204 2681 imperante
1225 2606 1365 2682 Augusto
1386 2604 1417 2661 in
1439 2599 1536 2678 Syria

204 2707 376 2765 constiterit.

287 2809 484 2885 Equestribus
511 2809 573 2867 illis
600 2808 712 2868 militiis
734 2808 890 2870 Secundus
912 2810 1019 2868 meruit
1040 2809 1096 2870 sub
1118 2810 1154 2868 P.
1171 2808 1303 2887 Sulpicio
1326 2806 1464 2883 Quirinio
1488 2807 1535 2865 le·

204 2920 273 2988 gato
288 2912 457 2987 Augustil)
480 2908 621 2970 Caesaris
637 2910 752 2988 Syriae.
786 2912 862 2969 Eum
886 2932 920 2970 eo
944 2912 1055 2970 honore
1076 2912 1205 2970 functum
1229 2929 1297 2970 esse
1318 2917 1434 2968 constat
1456 2928 1484 2967 a.
1502 2929 1533 2966 u.

204 3033 229 3072 c.
243 3014 301 3073 759
325 3022 355 3071 et
372 3013 526 3090 deinceps,
549 3014 701 3088 probabile
723 3022 769 3072 est
790 3023 879 3073 antea
899 3015 958 3071 iam
981 3015 1058 3072 idem
1081 3032 1187 3072 munus
1209 3033 1275 3072 eum
1297 3012 1478 3070 sustinuisse
1503 3021 1536 3069 et

205 3115 323 3193 quidem
347 3135 399 3190 per
421 3133 447 3172 a.
461 3116 530 3174 751.
546 3114 613 3174 752.
648 3114 707 3175 Sed
730 3135 796 3174 cum
817 3116 924 3173 titulus
941 3115 1115 3192 Berytensis
1136 3116 1209 3173 nihil
1225 3113 1358 3173 conferat
1379 3113 1416 3170 ad
1438 3132 1535 3188 quae·

204 3219 331 3276 ationem
360 3226 515 3294 tantopere
542 3219 682 3295 agitatam
706 3218 741 3275 de
764 3227 895 3294 tempore
918 3230 947 3276 et
967 3219 1123 3277 iteratione
1141 3218 1299 3295 legationis
1321 3214 1535 3291 Quirinianae,

205 3321 243 3378 ad
265 3340 330 3379 eam
353 3319 421 3377 alibi
445 3319 603 3397 diligenter
624 3341 642 3378 a
663 3322 750 3379 nohis
773 3320 968 3395 tractataml)
995 3322 1124 3379 hicnon
1145 3320 1284 3378 redimus.

289 3422 374 3481 Duas
399 3440 447 3480 res
473 3424 608 3498 gessisse
630 3441 662 3482 se
684 3423 726 3480 ait
748 3421 901 3481 Secundus
923 3423 1008 3481 iussu
1031 3424 1159 3482 missure
1181 3420 1326 3496 Quirinii,
1356 3437 1480 3479 censum
1504 3426 1538 3477 et

204 3526 325 3584 bellum.
360 3523 438 3583 Huic
461 3535 492 3582 ut
513 3544 580 3582 curn
603 3525 773 3583 interfuisse
787 3525 967 3602 praefectum
991 3526 1123 3583 cohortis
1146 3524 1267 3583 alterius
1288 3523 1382 3582 utrius
1398 3521 1538 3580 dubitari

205 3646 265 3686 non
287 3635 400 3704 potest,
426 3628 468 3684 ita
495 3627 588 3684 altero
610 3645 728 3704 quoque
754 3627 852 3685 officio
875 3648 942 3686 euru
963 3628 1096 3686 sunctum
1119 3645 1185 3685 esse
1207 3627 1309 3684 eodem
1332 3625 1397 3683 loco
1420 3625 1537 3683 consti·

206 3741 301 3807 tutum
329 3729 405 3788 ratio
435 3729 548 3786 suadet.
592 3728 669 3788 Nam
697 3747 803 3787 census
831 3731 1023 3807 imperatoria
1048 3739 1144 3788 aetate
1171 3729 1331 3787 secundum
1359 3727 1538 3805 provincias

206 3833 358 3891 ordinatus
384 3850 448 3888 cum
476 3842 527 3889 aut
552 3832 611 3908 ipsi
637 3831 766 3908 praesidi
793 3833 1023 3891 committeretur
1050 3842 1102 3888 aut
1122 3831 1220 3908 legato
1247 3831 1339 3889 misso
1362 3829 1398 3886 ad
1421 3846 1539 3887 census

206 3934 411 4012 accipiendos,
439 3933 490 4013 ille
517 3941 595 3993 certe
617 3953 679 3992 rem
702 3935 744 3992 ita
764 3935 949 4011 perficiebat,
976 3945 1009 3992 ut
1034 3934 1184 4012 negotium
1210 3933 1287 3991 inter
1309 3932 1432 3991 comites
1456 3931 1538 3989 divi-

207 4080 266 4089 .-.
279 4080 410 4087 .-.-.-

286 4167 308 4230 ¹)
335 4167 364 4219 C.
376 4169 426 4230 111,
441 4169 508 4231 3983
528 4170 634 4220 Henzen
654 4168 733 4220 6470.
760 4165 919 4219 Stactareclrt
933 4171 956 4230 l,
970 4170 1029 4218 118.

283 4260 308 4321 Ἰ)
334 4263 439 4312 Henzen
460 4261 538 4312 ctio.
565 4260 723 4312 Stautereeltt
742 4264 766 4323 2,
782 4262 843 4310 224.

283 4351 308 4415 ³)
332 4355 391 4404 Vol.
401 4354 441 4404 1x
456 4372 481 4404 ιι.
495 4354 566 4405 3156
587 4356 676 4404 melius
696 4370 771 4420 quam
785 4355 806 4404 1.
818 4354 851 4404 N.
862 4352 942 4403 5369.
970 4354 1023 4403 Pro
1043 4345 1214 4427 EQVESlTRls
1236 4351 1345 4400 traditur
1357 4351 1540 4426 fovillms.

283 4444 308 4508 ⁴)
335 4447 395 4496 Vol.
406 4447 472 4497 VIII
492 4463 516 4496 n.
531 4447 610 4496 9358.

286 4537 309 4600 ⁵)
334 4540 393 4589 Vol.
407 4539 448 4588 ΙΙΙ
468 4554 491 4602 p.
508 4541 586 4590 1151.

285 4629 309 4692 ⁶)
339 4630 392 4680 nia
412 4632 527 4696 Augusto
546 4631 613 4680 nude
632 4633 728 4696 passim
747 4631 875 4681 invenitur
893 4630 920 4679 in
940 4631 1019 4680 titulis
1037 4630 1201 4680 Britannicis.

286 4719 310 4785 l)
338 4722 666 4774 0r011.3cno=v01.1x
685 4741 711 4774 n.
726 4725 828 4773 sessa.
854 4722 954 4772 Titulus
973 4738 1025 4772 non
1044 4723 1076 4771 ab
1095 4724 1166 4771 omui
1186 4722 1328 4787 suspicione
1347 4722 1474 4772 immunis
1492 4736 1544 4786 est,

209 4817 254 4866 aed
273 4816 441 4881 probabiliter
458 4817 591 4879 genuinus.

287 4907 311 4969 ⁸)
336 4908 376 4957 Ita
394 4907 518 4972 suppleri,
539 4917 566 4957 ut
585 4917 622 4957 est
642 4910 668 4957 iu
689 4908 767 4957 titulis
787 4907 865 4957 Orell.
881 4907 932 4956 642
952 4916 977 4955 et
996 4908 1109 4956 Hermen.
1123 4908 1194 4956 6150
1214 4915 1239 4955 et
1257 4907 1279 4956 1.
1292 4906 1323 4956 R.
1337 4906 1370 4956 N.
1386 4906 1460 4956 5369
1484 4909 1546 4969 (ubi

210 5001 338 5051 alternant
356 5001 485 5065 Augustas
506 4996 644 5049 Caesarei
665 4997 760 5050 Caesar
773 5000 926 5064 Augustus),
952 5015 1008 5048 cum
1033 5015 1126 5049 nomen
1148 4998 1267 5049 Caesaris
1289 4998 1385 5048 nudum
1405 4999 1459 5050 hoc
1480 5002 1547 5053 loeo

210 5094 253 5144 rix
272 5093 334 5144 ferri
352 5095 441 5157 possit.

287 5182 311 5250 ⁹)
337 5186 410 5236 bion.
429 5187 527 5250 Ancyr.
546 5202 571 5252 p.
584 5185 645 5236 llb.
667 5186 781 5250 lilseq.
