3474 5812
597 497 963 562 vnruannonvuovs.
1373 477 1444 553 509

116 675 269 733 interioris
291 673 481 751 neglegenter
504 674 632 751 scriptae
654 683 684 731 et
705 682 863 751 propterea
883 673 962 733 lectu
984 673 1125 732 difficilis.
1161 671 1365 731 Nihilominus
1379 692 1445 732 cum

117 777 234 834 litterae
256 776 402 852 quaedam
424 775 561 834 effractae
590 775 637 834 vel
665 776 704 832 ob
730 776 806 833 alias
833 794 940 834 causas
965 775 1073 834 dubiae
1094 775 1266 853 scrupulum
1289 775 1360 834 mihi
1384 795 1445 833 mo-

118 880 242 950 vissent,
269 879 361 936 oculis
384 880 459 936 meis
482 878 622 937 tabellam
647 889 679 935 ut
700 879 848 956 inspicere
870 877 971 936 liceret
991 877 1163 936 Berolinum
1187 879 1406 957 transmissam,
1428 898 1447 936 a

117 981 211 1039 musei
234 980 383 1058 praelecto
406 979 568 1039 Francisco
584 981 721 1058 Pulszky
740 981 853 1056 optimo
870 981 966 1038 amico
982 988 1011 1039 et
1025 981 1129 1038 borum
1145 980 1309 1057 studiorum
1325 981 1445 1057 egregio

117 1090 244 1158 patrono
266 1083 432 1160 impetravi.
470 1083 582 1141 Iterum
605 1082 684 1140 edidi
705 1101 761 1159 ego
783 1082 906 1140 adiectis
928 1082 1039 1140 tabulis
1057 1092 1178 1141 curante
1194 1081 1306 1141 Ottonc
1320 1081 1445 1140 Hirsch-

116 1184 176 1242 feld
200 1185 426 1261 diligentissime
444 1185 527 1261 ligno
543 1184 695 1262 expressis
711 1185 790 1261 apud
806 1183 1018 1243 Benndorfium
1033 1191 1064 1243 et
1077 1183 1312 1243 Hirschfeldium
1327 1184 1444 1242 araldo·

119 1286 459 1364 topicen-epigraphiacle
473 1287 689 1363 Mittiteilunqcn
704 1305 757 1346 aas
777 1285 949 1347 Oesterreicl
967 1285 1023 1345 vol.
1037 1286 1054 1346 3
1071 1285 1182 1363 (1879)
1198 1305 1226 1362 p.
1239 1285 1257 1344 2
1270 1304 1344 1364 seq,
1366 1286 1443 1345 unde

117 1407 194 1465 quae
216 1398 379 1465 sequuntur
400 1389 527 1466 repetita
548 1397 625 1448 sunt.

159 1491 207 1550 De
232 1492 359 1550 lectione
386 1493 460 1549 haec
486 1491 673 1551 observanda
695 1499 773 1551 sunt.
796 1524 834 1534 —
858 1492 959 1551 Partis
981 1492 1131 1551 interioris
1152 1510 1180 1549 v.
1200 1493 1214 1548 1
1237 1491 1326 1550 tertia
1346 1491 1446 1550 littera

117 1613 194 1671 quae
221 1594 338 1653 videtur
363 1594 459 1652 fuisse
484 1614 504 1654 Α
531 1614 590 1653 non
618 1595 691 1653 satis
718 1603 801 1653 certa
825 1604 880 1654 est.
906 1628 944 1638 —
968 1595 985 1652 3
1008 1611 1063 1670 pro
1085 1611 1101 1650 r
1123 1592 1300 1671 Hampelius
1322 1593 1394 1671 legit
1415 1610 1445 1666 u,

116 1716 177 1755 non
199 1706 288 1756 recte.
312 1730 351 1741 -
376 1698 409 1754 11
435 1713 476 1755 ar
499 1698 599 1775 potius
619 1705 666 1757 est
683 1715 773 1774 quam
793 1697 872 1773 quod
891 1697 973 1756 dedit
991 1695 1120 1772 Hampel
1138 1712 1185 1755 m.
1208 1729 1246 1739 -
1269 1695 1370 1755 Partis
1393 1717 1445 1755 ex·

118 1800 235 1858 terioris
257 1819 284 1857 v.
302 1800 318 1855 7
342 1806 410 1857 ante
432 1814 568 1859 enovtttc
590 1800 669 1877 quod
692 1808 825 1858 remanet
847 1800 987 1877 exiguum
1010 1798 1147 1858 elementi
1168 1799 1324 1875 vestigium
1345 1817 1401 1876 pro
1421 1816 1442 1856 tt

118 1901 156 1959 ab
182 1900 342 1979 Hampelio
370 1911 523 1979 acceptum
550 1921 608 1960 non
635 1902 732 1960 minus
759 1911 839 1961 recte
867 1902 904 1959 ad
927 1919 950 1973 1,
976 1919 1006 1974 1.,
1031 1920 1065 1973 Α,
1091 1919 1116 1959 ru
1143 1909 1197 1959 cet.
1224 1900 1377 1960 referetur.
1402 1934 1444 1944 —

119 2002 136 2061 8
162 2002 259 2080 prima
285 2004 384 2062 littera
408 2005 503 2063 fracta
529 2023 598 2062 num
626 2022 642 2062 1.
667 2005 758 2062 fuerit
783 2024 819 2061 an
842 2022 868 2062 tu
889 2005 980 2074 velt,
1007 2001 1189 2079 aliquamdiu
1214 2001 1322 2062 dubius
1349 2004 1444 2076 haesi,

118 2104 170 2163 sed
193 2124 260 2164 aere
283 2107 441 2183 diligenter
462 2106 650 2165 considerato
673 2105 824 2181 Hampelii
850 2106 1007 2164 lectionem
1031 2105 1151 2163 omnino
1171 2105 1355 2183 probandam
1378 2123 1445 2164 esse

118 2216 148 2265 et
172 2226 227 2285 ego
254 2208 390 2268 intellexi
417 2218 446 2267 et
471 2209 683 2267 intellexerunt
708 2227 776 2267 aere
798 2209 934 2284 inspecto
955 2208 1014 2266 uiri
1035 2207 1121 2283 periti
1143 2207 1204 2266 alii.
1228 2240 1266 2249 —
1289 2208 1326 2265 In
1347 2209 1445 2266 redin-

118 2310 282 2386 tegratione
304 2313 469 2389 spatiorum
491 2311 636 2369 rationem
658 2311 700 2368 ita
722 2310 823 2380 habui,
847 2318 879 2368 ut
901 2319 1023 2386 propter
1044 2310 1219 2388 compendia
1240 2310 1397 2368 arbitraria
1413 2312 1443 2368 in

117 2411 175 2469 hoc
196 2429 303 2487 genere
324 2414 487 2490 scripturae
508 2414 539 2471 in
560 2421 645 2489 parte
666 2412 806 2471 interiore
827 2412 965 2489 vulgaria
991 2413 1032 2472 ibi
1059 2430 1190 2489 quoque,
1217 2412 1266 2470 ubi
1289 2412 1443 2471 vocabulis

118 2513 207 2571 solito
233 2534 315 2571 more
342 2516 515 2593 perscriptis
544 2516 674 2591 spatium
700 2514 817 2586 deerat,
847 2523 1005 2574 consuetas
1035 2515 1181 2574 formulas
1207 2514 1363 2573 retinerem
1390 2533 1443 2572 ex·

118 2624 205 2692 cepto
228 2636 288 2674 uno
310 2617 377 2675 loco
399 2618 451 2675 int.
469 2618 496 2689 6,
519 2618 570 2675 ubi
592 2637 658 2676 cum
680 2619 849 2694 requiratur
870 2617 932 2692 [ms
951 2633 1134 2676 rtvntsvsva
1150 2633 1284 2676 suentrts
1299 2616 1443 2692 ntutss]ts

118 2732 264 2775 noneste
278 2734 418 2793 ntsstou,
441 2719 580 2778 deficiant
600 2726 697 2777 autem
720 2718 837 2778 litterae
859 2718 1062 2779 tantummodo
1084 2720 1152 2796 plus
1175 2720 1272 2778 minus
1294 2718 1442 2790 tredecim,

119 2835 300 2878 etvntavsvs
323 2821 501 2881 vocabulum
516 2821 612 2880 omisi.
637 2856 674 2864 -
698 2820 782 2879 Extr.
802 2823 840 2878 10
855 2840 908 2896 pro
923 2822 1046 2880 cohortis
1061 2821 1165 2880 eodem
1179 2821 1242 2881 iure
1256 2822 1328 2898 poni
1343 2829 1443 2899 potest

119 2921 193 2991 ulae,
215 2922 286 2980 item
311 2926 345 2980 11
371 2922 545 2998 [cledonium
565 2941 620 3000 pro
643 2927 811 2981 centurione.

160 3021 302 3082 Consulis
329 3024 450 3083 alterius
476 3043 582 3083 nomen
610 3024 689 3102 quod
716 3025 858 3083 remansit
884 3024 1001 3082 Aemilii
1025 3024 1123 3084 Severi
1153 3023 1322 3083 Cantabrini
1354 3026 1442 3101 plane

117 3126 249 3202 ignotum
265 3137 321 3197 cst,
344 3136 377 3184 ut
397 3147 433 3185 ne
455 3127 585 3185 familiae
606 3127 725 3202 quidem
748 3127 811 3184 ulla
832 3126 974 3185 memoria
994 3134 1149 3203 praetcrea
1171 3134 1275 3185 extare
1296 3126 1440 3188 videatur.

122 3226 295 3286 Cantabrini
320 3248 484 3306 cognomen
516 3229 590 3288 adeo
622 3247 699 3287 nunc
729 3229 856 3306 primum
887 3229 993 3304 opinor
1022 3229 1182 3287 innotescit
1209 3228 1443 3307 componendum

104 3329 149 3388 ·id
170 3350 237 3389 cum
260 3332 475 3408 Allobrogicum
497 3340 527 3390 et
549 3329 690 3390 Graeciae
713 3328 1157 3408 (ct.c.1.L.v01.1p.1ts).
1200 3328 1341 3392 Severum
1365 3329 1443 3390 (lan-

118 3434 268 3492 tabrinum
294 3434 442 3493 consulem
470 3433 625 3492 suffectum
651 3433 746 3492 fuisse
776 3451 870 3510 paene
903 3442 1014 3491 certum
1045 3443 1093 3492 est
1122 3452 1191 3492 oum
1215 3443 1339 3511 propter
1363 3433 1441 3493 diem

119 3534 211 3613 (Aug.
231 3536 293 3612 ll),
314 3545 374 3595 tum
397 3536 477 3614 quod
498 3537 576 3595 inter
597 3535 776 3608 ordinarios,
799 3543 833 3592 ut
854 3532 1069 3594 Cantabrinum
1091 3537 1221 3608 mittam,
1250 3555 1288 3593 ne
1314 3533 1442 3597 Severus

119 3638 238 3715 quidem
261 3639 338 3697 ullus
360 3639 515 3714 reperitur,
538 3639 574 3698 de
595 3657 654 3715 quo
675 3647 755 3696 recte
773 3639 947 3714 cogitemus.
984 3638 1090 3714 Itaque
1104 3637 1259 3716 probabile
1280 3647 1326 3696 est
1347 3638 1443 3716 legem

118 3749 186 3798 ante
209 3759 235 3800 a.
252 3739 311 3798 247
335 3742 434 3799 datam
456 3758 537 3812 esse;
560 3760 628 3799 nam
650 3747 728 3799 certe
751 3741 788 3798 ab
810 3759 846 3799 eo
869 3749 1000 3816 tempore
1022 3741 1090 3799 inde
1113 3741 1144 3798 in
1166 3740 1280 3816 legibus
1302 3740 1350 3798 his
1371 3741 1441 3799 anni

119 3843 156 3899 ab
183 3842 341 3900 ordinariis
368 3855 576 3920 nuncupantur
601 3843 642 3919 (v.
671 3841 849 3902 Stautsreclt
868 3841 900 3899 22
922 3863 951 3919 p.
972 3842 1036 3917 88).
1067 3875 1107 3886 -
1139 3840 1215 3901 Cum
1244 3862 1282 3901 ex
1308 3843 1442 3919 reliquiis

119 3944 194 4019 legis
216 3962 292 4019 quas
313 3945 455 4003 habemus
477 3945 513 4003 de
536 3963 614 4002 anno
635 3964 696 4003 non
716 3953 840 4017 constet,
863 3963 899 4002 ne
914 3944 970 4002 hoc
984 3945 1103 4020 quidem
1125 3945 1317 4004 determinari
1334 3952 1442 4022 potest,

119 4047 202 4105 cuius
224 4046 409 4122 imperatoris
432 4064 593 4122 quorumve
614 4047 824 4123 imperatorum
850 4047 972 4104 nomina
993 4047 1181 4124 praescripta
1201 4047 1320 4106 fuerint.
1363 4044 1442 4106 Sane

119 4148 170 4207 lex
197 4156 264 4206 ante
292 4147 513 4206 Diocletianum
541 4149 653 4224 scripta
680 4157 738 4219 est,
768 4167 833 4206 cum
859 4149 889 4205 in
916 4167 951 4206 eo
978 4148 1159 4225 collegisque
1184 4149 1344 4225 privilegia
1369 4148 1443 4206 haec

120 4251 258 4309 deficiant
288 4251 403 4308 ratione
433 4250 557 4309 militiae
588 4250 729 4308 universa
758 4250 924 4309 immutata.
974 4247 1033 4309 Sed
1062 4250 1172 4309 adsunt
1197 4250 1308 4309 indicia
1335 4251 1442 4308 aetatis

120 4354 181 4411 alia
207 4353 308 4429 paullo
335 4352 470 4411 certiora.
514 4352 736 4411 Barbarismum
763 4371 817 4428 que
842 4371 896 4428 pro
923 4370 996 4428 quae
1016 4350 1072 4422 Ill,
1095 4351 1131 4409 15
1154 4353 1184 4410 in
1207 4351 1379 4428 diplomatis
1405 4353 1443 4411 ad

120 4456 253 4514 Marcum
280 4472 375 4531 usque
401 4475 460 4513 non
486 4455 623 4531 reperiri,
652 4462 683 4513 at
710 4454 748 4512 ab
775 4472 853 4512 auno
880 4453 947 4511 inde
969 4451 1028 4512 216
1055 4463 1227 4513 constanter
1252 4455 1315 4513 fere
1337 4456 1445 4514 adesse

120 4559 222 4616 monui
246 4556 280 4617 C.
296 4557 343 4615 ΙΙΙ
362 4577 390 4634 p.
407 4556 476 4614 919.
521 4556 546 4613 Ε
572 4557 722 4615 contrario
747 4576 785 4615 ex
812 4557 849 4614 iis
874 4574 950 4632 quae
977 4556 1014 4614 de
1040 4556 1211 4615 consulibus
1236 4558 1326 4616 modo
1352 4575 1445 4636 expo·

121 4661 169 4718 sui
195 4659 323 4719 eflicitur
348 4660 444 4734 legem
471 4678 549 4717 anno
573 4656 631 4717 247
658 4659 786 4735 priorem
814 4676 888 4716 esse.
938 4657 1076 4735 Denique
1098 4678 1152 4717 cur
1172 4658 1274 4717 tabula
1295 4678 1355 4718 uon
1377 4668 1445 4718 aute

120 4763 324 4821 Alexandrum
351 4761 463 4836 scripta
493 4778 561 4819 esse
589 4761 726 4820 videatur
750 4761 828 4818 infra
854 4761 1038 4820 monstrabo.
1086 4761 1192 4838 Itaque
1218 4763 1371 4838 probabile
1398 4770 1445 4820 est

120 4865 217 4940 legem
239 4865 338 4922 datam
361 4881 429 4922 esse
449 4863 526 4922 inter
548 4863 753 4923 Alexandrum
776 4872 807 4921 et
827 4862 994 4938 Philippos.

163 4966 211 5024 Ex
233 4967 353 5025 nomine
374 4965 533 5037 exercitus,
555 4965 593 5024 ad
614 4984 702 5042 quem
725 4965 912 5041 privilegium
932 4965 1084 5039 pertinuit,
1105 4967 1136 5024 in
1151 4986 1219 5024 aere
1234 4985 1292 5024 non
1309 4974 1446 5043 superest

120 5069 179 5126 nisi
205 5086 277 5143 pars
297 5066 435 5127 vocabuli
458 5082 625 5140 ...salom
650 5066 784 5144 intellegi
805 5066 992 5124 Pannoniam
1013 5067 1183 5126 inferiorem
1206 5068 1358 5145 colligitur
1379 5088 1445 5126 cum

120 5189 158 5228 ex
181 5170 259 5241 loco,
281 5168 359 5229 nude
379 5186 433 5229 aas
453 5168 669 5247 penultimam
691 5176 846 5229 veteranos
870 5168 962 5226 vitam
985 5170 1123 5247 exegisse
1145 5170 1207 5228 scre
1230 5171 1261 5228 iu
1284 5171 1446 5246 provincia,

230 5270 275 5331 IV
1186 5273 1225 5329 34
