3494 5812
775 1731 1233 1844 lnormuanm
1267 1889 1272 1896 .

715 1932 783 2006 AD
811 1932 1054 2009 CORPORIS
1081 1932 1193 2008 VOL.
1213 1932 1292 2007 Vll.

928 2162 1079 2169 *—

338 2249 423 2386 Bst
445 2325 647 2383 additamenta
669 2322 828 2380 voluminis
843 2322 904 2380 Vll
924 2323 1161 2382 Britannicarum
1184 2342 1202 2381 a
1223 2342 1269 2380 me
1292 2323 1370 2380 edita
1392 2323 1450 2380 duo
1473 2322 1601 2398 (epham.
1618 2322 1667 2379 ΙΙΙ

337 2450 366 2506 p.
386 2427 556 2486 113-155
580 2436 610 2484 et
631 2444 659 2500 p.
677 2424 862 2499 311-318)
886 2423 1055 2498 Guilelmus
1072 2425 1247 2501 Thompson
1264 2425 1409 2482 Watkin
1431 2425 1584 2501 diligentia
1605 2425 1668 2481 lau-

337 2531 430 2589 dabili
452 2529 579 2587 schedas
602 2538 630 2585 et
651 2527 746 2586 libros
769 2546 788 2584 a
809 2528 944 2602 meipso
968 2527 1074 2603 partim
1098 2528 1244 2585 iudicatos
1267 2527 1319 2585 scd
1342 2528 1472 2585 nondum
1493 2527 1669 2602 exploratos

337 2633 504 2709 indagavit,
533 2632 615 2688 locos
643 2630 692 2688 ubi
719 2629 796 2687 tituli
824 2639 876 2686 aut
903 2641 1007 2687 extare
1034 2630 1207 2688 dicebantur
1235 2639 1286 2687 aut
1314 2629 1386 2686 olim
1413 2631 1557 2686 extabant
1582 2628 1667 2700 adiit,

336 2735 440 2793 titulos
468 2735 565 2792 denuo
592 2732 750 2807 descripsit
776 2733 836 2788 iam
863 2743 960 2803 notos,
988 2751 1083 2790 novos
1111 2731 1225 2807 aliquot
1252 2732 1375 2801 addidit,
1408 2732 1547 2806 exempla
1574 2750 1592 2788 a
1620 2750 1667 2786 me

336 2838 494 2913 proposita
520 2838 551 2893 in
575 2835 707 2892 minutiis
729 2833 908 2910 quibusdam
932 2835 1072 2903 correxit,
1101 2834 1255 2893 titulorum
1278 2833 1405 2892 duorum
1427 2834 1553 2891 triumve
1576 2851 1668 2908 prop·
1736 2825 1741 2837 ’

336 2948 381 2996 ter
402 2939 534 3014 pessima
560 2937 697 3012 exempla
725 2936 837 2994 aliasve
859 2939 897 2993 ob
920 2954 1028 2995 causas
1050 2957 1068 2994 a
1090 2957 1137 2994 me
1167 2938 1230 2994 iure
1253 2937 1459 2994 damnatorum
1481 2935 1592 2993 vindex
1614 2954 1668 2992 cx·

334 3043 403 3111 titit‚
431 3059 507 3116 quae
529 3041 642 3098 invenit
664 3047 714 3097 aut
735 3039 888 3097 invenisse
910 3049 988 3097 certe
1011 3039 1068 3096 sibi
1091 3039 1174 3098 visus
1195 3047 1242 3097 est
1264 3040 1406 3115 exposuit
1427 3038 1554 3095 verbose
1576 3046 1667 3114 atque

335 3144 383 3199 hic
408 3144 470 3201 illic
496 3143 585 3199 etiam
613 3141 744 3216 gloriose
770 3141 800 3199 in
828 3142 1090 3199 dissertationibus
1119 3141 1243 3216 aliquot,
1273 3158 1349 3216 quas
1372 3140 1463 3198 variis
1492 3140 1666 3197 societatum

334 3245 636 3321 archaeologicarum,
671 3263 748 3320 quae
774 3244 805 3300 in
828 3243 986 3300 Britannia
1012 3253 1091 3312 sunt,
1123 3243 1424 3302 commentationibus
1451 3242 1576 3301 inscruit
1604 3261 1666 3299 me-

333 3365 459 3422 cumque
486 3347 621 3404 officiose
650 3345 890 3404 communicavit.
943 3345 1030 3417 Quod
1057 3346 1141 3415 fecit,
1168 3353 1200 3403 ut
1227 3346 1304 3416 dixi,
1339 3345 1439 3403 studio
1469 3353 1499 3402 et
1531 3343 1667 3401 sollertia

335 3450 414 3521 utili;
437 3451 526 3507 modo
549 3468 586 3506 ne
608 3467 684 3524 quae
704 3448 804 3506 minus
827 3455 906 3506 recte
929 3466 947 3503 a
969 3468 1015 3504 me
1038 3449 1117 3505 edita
1140 3456 1209 3506 sunt
1231 3456 1353 3524 propter
1375 3454 1527 3505 auctorum
1551 3464 1666 3518 eorum,

333 3570 409 3627 quos
432 3552 514 3610 solos
542 3552 628 3628 sequi
650 3551 743 3626 potui,
770 3550 987 3626 neglegentiam
1015 3560 1066 3607 aut
1093 3551 1250 3621 inscitiam,
1280 3568 1346 3606 mea
1372 3551 1421 3608 vel
1442 3550 1531 3624 culpa
1551 3548 1598 3607 vcl
1620 3550 1667 3606 in-

333 3655 416 3713 curia
437 3665 537 3712 errata
559 3671 625 3712 esse
648 3653 914 3729 pronuntiavisset,
938 3652 991 3709 sed
1008 3672 1054 3709 me
1077 3652 1163 3709 aliter
1185 3652 1305 3710 omnino
1327 3653 1423 3711 tacere
1446 3670 1505 3710 non
1527 3652 1666 3727 potuisse

332 3758 457 3815 candide
490 3756 691 3832 exposuisset.
741 3753 826 3827 Quae
859 3755 924 3830 ipsc
957 3754 1035 3812 falso
1069 3773 1129 3812 uon
1154 3773 1223 3811 raro
1252 3764 1434 3814 commentus
1463 3764 1517 3824 est,
1547 3773 1583 3811 ea
1609 3771 1666 3829 ego

332 3860 508 3935 singillatim
541 3857 694 3934 exagitare
727 3865 757 3913 et
787 3856 964 3932 redarguere
998 3857 1169 3933 supersedi3
1205 3877 1241 3915 ue
1274 3876 1345 3916 vero
1379 3857 1528 3934 sprevisse
1562 3856 1666 3914 videar

331 3979 523 4037 quaecunque
544 3960 582 4017 ad
605 3959 738 4035 syllogen
762 3977 856 4016 meam
878 3958 1045 4035 augendam
1062 3958 1316 4016 eurendandamve
1338 3959 1435 4017 lacere
1458 3965 1592 4035 possent,
1615 3958 1665 4015 vel

332 4065 455 4122 minima
481 4065 518 4120 ab
545 4083 581 4120 eo
608 4062 715 4119 aliisve
737 4069 860 4119 enotata
882 4063 919 4118 ab
946 4061 1002 4119 hac
1030 4061 1131 4138 opella
1156 4082 1223 4121 mea
1250 4062 1357 4119 abesse
1378 4061 1468 4119 nolui.
1514 4060 1664 4118 Irritabile

331 4171 410 4224 enim
437 4183 503 4223 esse
530 4166 618 4222 etiam
647 4165 883 4239 antiquariorum
911 4181 1005 4239 genus
1034 4165 1152 4241 experti
1179 4183 1281 4223 sumus
1303 4182 1421 4235 omnes3
1452 4173 1541 4239 atque
1565 4183 1600 4220 ne
1624 4163 1665 4219 si-

330 4268 423 4326 lentio
444 4268 572 4342 superbo
595 4266 669 4324 illud
697 4265 851 4336 efficiatur,
879 4275 911 4323 ut
937 4286 1009 4324 cura
1031 4267 1185 4325 titulorum
1208 4266 1478 4342 antiquitatumque
1499 4265 1664 4340 patriarum

331 4370 604 4428 conservandarum
625 4368 907 4445 explicandarumve
930 4370 1049 4426 tandem
1071 4369 1232 4444 aliquando
1259 4369 1369 4444 ubique
1396 4370 1458 4426 fere
1482 4368 1664 4426 reviviscens

331 4472 533 4530 absterreatur
554 4472 592 4527 ab
615 4471 741 4546 inceptis
763 4470 975 4543 laudabilibus,
999 4472 1104 4529 sedulo
1128 4472 1228 4547 putavi
1250 4472 1413 4529 cavendum
1437 4489 1512 4529 esse.
1557 4470 1663 4546 ltaque

330 4573 360 4630 in
384 4575 488 4647 titulis,
518 4591 594 4649 quos
622 4573 670 4630 hic
696 4591 853 4651 compono,
882 4593 941 4631 non
969 4573 1079 4632 multos
1102 4575 1210 4645 inesse,
1237 4575 1346 4651 quibus
1374 4593 1454 4633 nova
1476 4573 1662 4643 edoceamur,

331 4677 436 4752 nequis
458 4677 589 4734 miretur.
634 4675 734 4734 Unum
757 4695 871 4734 mecum
895 4677 1001 4734 harum
1029 4696 1127 4734 rerum
1159 4676 1285 4734 studiosi
1309 4677 1480 4754 gaudebunt
1502 4675 1662 4734 frustulum

331 4787 534 4854 recuperatum
557 4795 624 4836 esse
644 4777 817 4853 diplomatis
834 4778 972 4837 militaris
995 4798 1023 4835 n.
1043 4780 1131 4850 1195,
1154 4797 1321 4854 quanquam
1338 4789 1368 4836 et
1388 4779 1486 4854 ipsum
1503 4778 1662 4835 admodum

330 4880 483 4955 exiguum,
504 4881 585 4956 quod
607 4881 658 4936 diu
680 4880 846 4955 quaesitum
871 4889 924 4938 est.
963 4883 1060 4956 Atque
1075 4881 1269 4940 Watkinus
1292 4880 1322 4938 id
1344 4899 1461 4957 qunque
1485 4899 1571 4938 suum
1594 4897 1662 4938 esse

330 4984 454 5057 putavit,
478 4992 510 5039 ut
525 4992 711 5040 enumeraret
732 4981 846 5059 lapides
868 4983 1029 5058 inscriptos
1052 4984 1122 5041 olim
1138 4983 1259 5059 quidem
1273 4983 1415 5054 detectos,
1439 4983 1491 5041 sed
1507 5002 1660 5057 nunquam

329 5083 495 5159 descriptos
519 5093 548 5141 ct
563 5085 669 5143 deinde
692 5093 743 5142 aut
757 5104 879 5161 pessum
895 5085 981 5143 datos
1004 5096 1056 5143 aut
1077 5086 1203 5145 latentes
1220 5085 1593 5161 (arclnecloqicaljournal
1609 5084 1659 5155 32,

335 5186 413 5244 1875
440 5207 469 5262 p.
487 5187 562 5245 74s.
587 5189 636 5258 34,
664 5187 740 5246 1877
769 5207 798 5263 p.
818 5189 875 5247 146
888 5207 912 5246 s.
937 5189 986 5260 35,
1013 5187 1090 5247 1878
1117 5209 1146 5265 p.
1164 5188 1269 5265 lls.);
1300 5188 1451 5247 elenchum
1479 5206 1549 5246 vcro
1576 5187 1660 5245 illum
