3474 5812
222 459 296 530 370
825 473 950 524 cnvsn

223 652 277 724 eis,
300 662 331 710 ut
352 649 479 727 possint.
517 648 624 724 Itaque
644 652 786 724 quoniam
809 666 901 726 supra
921 647 1051 706 vidimus
1072 666 1169 724 neque
1183 648 1263 726 apud
1277 650 1489 725 praetorianos
1507 670 1558 719 ne-

224 773 282 831 que
303 754 333 811 in
355 751 527 810 cohortibus
549 748 745 808 auxiliaribus
762 750 882 820 milites,
905 751 956 825 qui
973 749 1087 808 vexilla
1100 760 1248 826 gererent,
1268 750 1442 810 vexillarios
1458 750 1558 811 dictos

224 874 302 927 esse,
330 863 461 913 statuere
484 871 661 930 possumus,
688 853 775 910 etiam
800 872 818 908 a
839 848 1010 930 legionibus
1033 871 1069 910 ea
1090 852 1209 929 quidem
1239 860 1350 925 aetate,
1378 872 1418 912 ex
1438 871 1501 930 qua
1521 855 1559 911 ti·

225 959 278 1018 tuli
301 964 437 1028 exstant,
462 955 522 1015 tale
544 973 652 1013 munus
675 955 803 1012 alienum
826 954 929 1014 fuisse.
973 953 1081 1031 Neque
1103 964 1203 1014 tamen
1226 956 1286 1013 veri
1309 955 1409 1015 simile
1430 963 1479 1015 est
1500 957 1557 1015 hoc

224 1059 426 1138 superioribus
449 1058 633 1134 temporibus
660 1057 747 1116 aliter
771 1057 876 1115 fuisse.
921 1055 991 1129 Qua
1011 1077 1043 1115 re
1067 1057 1215 1116 vexillarii
1238 1040 1453 1129 centuriarum,
1481 1076 1558 1135 quos

224 1162 447 1240 Marquardtius
468 1160 573 1239 94335
595 1160 692 1231 linxit,
714 1159 790 1217 nulli
812 1179 952 1235 umquam
974 1159 1068 1219 fuisse
1090 1159 1213 1236 putandi
1236 1169 1315 1219 sunt.
1350 1160 1456 1238 Neque
1478 1162 1556 1221 enim

225 1267 293 1325 loco
323 1264 460 1341 Polyhii,
483 1281 575 1339 ,quem
601 1262 716 1332 laudat,
741 1262 904 1339 quidquam
933 1262 963 1319 in
990 1263 1047 1320 hac
1073 1283 1106 1321 re
1133 1262 1272 1330 eflicitur,
1303 1263 1376 1338 quia
1404 1280 1481 1338 quos
1507 1264 1557 1321 ille

227 1368 296 1444 (vl,
320 1367 369 1439 24,
393 1365 427 1442 6)
449 1357 660 1446 aquoeropo'pooe
681 1365 767 1444 dicit,
794 1364 927 1440 signiferi
951 1365 1050 1440 potius
1073 1383 1162 1441 quam
1187 1364 1336 1423 vexillarii
1357 1362 1467 1425 Latine
1489 1366 1558 1425 dieti

226 1487 294 1528 esse
315 1469 462 1527 videntur.
506 1467 642 1542 Quodsi
663 1468 694 1525 in
716 1467 887 1543 legionibus
910 1466 1021 1524 milites
1044 1470 1132 1543 signa
1157 1475 1294 1545 gerentes
1323 1479 1443 1543 praeter
1467 1469 1559 1546 signi-

227 1573 308 1632 feros
331 1570 406 1630 nulli
427 1572 561 1641 fuerunt,
588 1570 732 1647 incertum
758 1579 871 1639 manet,
898 1571 1048 1644 quomodo
1071 1570 1100 1627 hi
1124 1589 1177 1646 per
1198 1571 1336 1629 cohortes
1359 1579 1389 1627 et
1409 1571 1559 1630 centurias

228 1674 379 1733 distributi
400 1674 519 1732 fuerint.
562 1670 641 1730 Nam
664 1671 899 1748 ascriptoribus
923 1673 1073 1730 veteribus
1099 1672 1136 1731 de
1164 1674 1221 1731 hac
1246 1694 1280 1732 re
1306 1691 1366 1731 non
1391 1673 1462 1750 plus
1488 1673 1561 1732 disci

228 1788 329 1854 potest
349 1795 439 1853 quam
463 1796 501 1835 ex
523 1774 627 1832 titulis.
664 1772 744 1831 Nam
767 1792 948 1849 quamquam
970 1774 1155 1851 signiferum,
1178 1794 1267 1850 quem
1286 1773 1401 1834 Caesar
1420 1776 1449 1833 b.
1470 1773 1510 1834 G.
1530 1774 1560 1832 11

228 1879 267 1937 tt
291 1886 518 1948 commemoret,
545 1877 662 1953 signum
689 1876 781 1933 totius
808 1875 942 1933 cohortis
968 1876 1101 1951 gessisse
1126 1878 1217 1935 facile
1241 1877 1433 1953 intellegitur,
1460 1886 1561 1936 tumen

228 1982 285 2039 hoc
307 1998 367 2037 non
389 1980 497 2050 obstat,
520 1978 704 2054 quinetiam
727 1978 871 2035 centuriis
894 1995 966 2036 suos
988 1979 1149 2055 signiferos
1171 1979 1267 2037 fuisse
1288 1986 1418 2056 putetur.
1454 1978 1562 2055 Neque

228 2083 302 2141 lrsec
323 2083 460 2158 quaestio
480 2081 557 2140 solvi
573 2080 693 2156 poterit,
716 2080 776 2138 nisi
797 2079 917 2139 fortuna
939 2082 1025 2139 novis
1048 2081 1246 2140 monumentis
1268 2082 1395 2158 repertis
1417 2100 1562 2157 quaeren-

230 2194 275 2243 tes
297 2184 414 2242 iuverit.
459 2182 520 2244 Sed
541 2184 715 2260 priusquam
742 2183 780 2240 ab
807 2201 843 2239 ea
864 2182 1032 2255 discedam,
1058 2185 1155 2242 faeere
1178 2201 1237 2241 non
1259 2202 1398 2261 possum,
1425 2183 1497 2260 quin
1519 2185 1562 2242 lo-

230 2307 295 2346 cum
323 2285 471 2362 quendam
493 2285 611 2363 Vegetii
638 2285 776 2356 afferam,
803 2303 862 2360 quo
885 2286 930 2355 id,
957 2285 1039 2361 quod
1060 2306 1098 2343 ex
1119 2284 1173 2344 illo
1197 2284 1382 2344 Caesariano
1404 2287 1461 2344 viri
1483 2286 1564 2346 docti

229 2390 451 2458 intellexerunt,
473 2386 673 2445 confirmetur.
718 2386 773 2444 Ille
795 2388 884 2457 enim,
908 2406 975 2445 cum
1000 2386 1054 2462 (Il,
1076 2387 1129 2463 20)
1152 2400 1286 2465 exponat
1307 2389 1345 2446 ab
1366 2388 1498 2464 antiquis
1521 2390 1565 2447 di·

229 2493 340 2552 vinitus
365 2490 533 2550 institutum
560 2507 642 2561 esse,
671 2497 703 2546 ut
729 2509 768 2547 ex
794 2489 944 2547 donativis
972 2490 1099 2547 militum
1126 2490 1275 2565 peculium
1304 2500 1457 2549 castrense
1484 2492 1566 2568 apud

230 2595 317 2671 signa
338 2594 546 2671 deponeretur,
569 2591 652 2648 addit
674 2591 775 2649 decem
795 2591 885 2649 folles
907 2611 960 2668 per
982 2591 1120 2650 cohortes
1144 2593 1278 2668 singulas
1300 2594 1417 2670 positos
1433 2612 1511 2665 esse,
1534 2595 1565 2653 in

231 2697 340 2773 quibus
361 2697 435 2753 haec
456 2694 532 2752 ratio
555 2693 746 2765 conderetur3
777 2693 936 2770 signiferos
959 2703 1073 2764 autem,
1100 2695 1181 2771 apud
1206 2713 1283 2770 quos
1306 2715 1341 2754 ea
1363 2696 1441 2754 ratio
1464 2715 1567 2755 serva·

232 2806 322 2870 retur,
345 2817 404 2856 non
428 2795 653 2854 solumfideles
677 2796 729 2854 sed
752 2796 841 2853 etiam
864 2795 998 2854 literatos
1020 2795 1158 2855 homines
1181 2797 1290 2855 eleetos
1313 2815 1388 2857 esse.
1434 2797 1524 2870 Quod
1540 2801 1568 2858 si

233 2901 333 2959 decem
356 2899 444 2958 folles
465 2917 519 2974 per
540 2897 677 2975 singulas
701 2899 839 2956 cohortes
862 2898 1013 2956 distributi
1036 2907 1133 2968 erant,
1163 2900 1253 2956 etiam
1279 2899 1380 2957 decem
1403 2900 1567 2976 signiferos

232 3003 396 3061 cohortium
420 3001 514 3059 fuisse
541 3018 665 3060 necesse
692 3011 748 3059 est.
791 2999 899 3076 Neque
925 3009 998 3078 puto
1026 3019 1205 3077 quemquam
1233 3002 1310 3059 illud
1336 3011 1425 3077 caput
1447 3001 1568 3079 Vegetii

231 3105 332 3181 legere
353 3121 454 3181 posse,
480 3103 552 3179 quin
575 3103 669 3161 verba
691 3103 845 3178 scriptoris
868 3103 911 3160 ita
934 3103 1102 3180 intellegat,
1130 3116 1162 3162 ut
1187 3105 1239 3162 ille
1266 3115 1385 3180 praeter
1406 3104 1568 3182 signiferos

231 3206 397 3266 cohortium
419 3205 519 3263 nullos
542 3205 618 3263 alios
640 3205 670 3264 in
692 3204 861 3281 legionibus
884 3214 971 3263 notos
994 3206 1136 3264 hahuisse
1157 3207 1303 3266 videatur.

317 3309 393 3384 [lam
410 3318 569 3384 postquam
589 3306 746 3383 diligenter
766 3306 892 3364 collecta
914 3317 984 3365 sunt
1005 3327 1082 3384 quae
1105 3308 1140 3365 de
1162 3308 1328 3366 vexillariis
1351 3309 1505 3381 habemus,
1529 3312 1567 3370 de

233 3412 355 3490 propria
376 3409 512 3468 vocabuli
536 3409 753 3487 significatione
772 3410 852 3466 iusta
869 3411 1006 3485 quaestio
1026 3411 1142 3469 institui
1156 3419 1264 3486 potest.
1302 3411 1341 3468 Et
1355 3412 1485 3488 primum
1502 3414 1566 3490 qui-

234 3515 298 3573 dem
322 3513 463 3570 vexillum
486 3530 553 3569 cum
576 3530 634 3569 non
656 3510 686 3566 in
709 3511 831 3569 militari
853 3530 885 3569 re
908 3512 974 3570 sola
996 3513 1180 3585 adhibeatur,
1211 3514 1264 3571 sed
1293 3513 1421 3590 collegia
1446 3533 1567 3591 quoque

234 3634 290 3675 sua
305 3614 417 3673 vexilla
432 3613 588 3671 habuerint
603 3613 678 3688 (vita
689 3612 845 3670 Aureliani
861 3632 886 3672 c.
900 3615 952 3671 34:
969 3615 1074 3672 cecilia
1089 3615 1269 3690 collegiorum
1285 3626 1368 3690 utque
1383 3619 1567 3694 castrorum),

235 3716 418 3776 semovenda
438 3724 483 3774 est
504 3715 602 3773 schola
616 3715 832 3774 vexillariorum
854 3716 932 3774 tituli
954 3713 1112 3776 comensis
1136 3716 1179 3790 (n.
1196 3717 1271 3793 240)
1294 3718 1415 3776 omniuo
1437 3738 1455 3776 a
1476 3720 1568 3778 rebus

235 3818 439 3879 castrensibus
466 3817 639 3888 abhorrens,
667 3816 862 3892 similiterque
882 3818 1018 3894 ¹fortasse
1046 3821 1232 3880 statuendum
1260 3821 1317 3879 erit
1343 3822 1378 3879 de
1406 3822 1492 3879 titulo
1520 3843 1568 3881 re-

236 3929 320 3999 perto
342 3921 523 3979 Pessinunte
547 3919 589 3994 (n.
612 3917 695 3995 242).
719 3952 760 3962 -
783 3918 899 3978 Deinde
922 3921 1068 3978 ceciliarii
1089 3931 1115 3979 et
1136 3924 1313 3997 imaginiscri
1339 3924 1416 3981 tituli
1441 3924 1568 3983 Germa·

236 4024 295 4082 nici
318 4024 360 4098 (n.
378 4021 452 4098 241)
468 4023 510 4080 ita
530 4021 665 4080 videntur
685 4021 848 4099 accipiendi
864 4040 941 4094 esse,
965 4031 997 4081 ut
1018 4023 1065 4080 hic
1088 4026 1377 4102 comprehendantur
1399 4035 1459 4084 tam
1483 4028 1569 4102 aqui·

237 4125 314 4183 liferi
342 4134 371 4183 et
396 4124 530 4201 signiferi
556 4143 646 4200 quum
674 4125 724 4200 qui
752 4125 871 4201 proprie
897 4125 1048 4184 vexillarii
1069 4127 1207 4184 dicuntur
1229 4136 1258 4183 et
1279 4127 1456 4186 vocabulum
1480 4147 1569 4186 usur·

238 4237 326 4303 petur
352 4246 411 4284 non
439 4226 529 4285 solita
555 4236 584 4285 et
608 4205 739 4303 propria·
754 4227 878 4296 ratione,
906 4228 959 4285 sed
985 4228 1092 4286 latiore
1119 4238 1147 4286 et
1173 4231 1352 4303 promiscua.
1376 4231 1570 4309 —Proprie

238 4340 336 4387 autem
359 4332 470 4403 siparum
489 4328 664 4386 ete-emilam
686 4328 728 4386 ita
751 4328 899 4398 differunt,
924 4336 955 4386 ut
977 4330 1048 4387 illud
1071 4330 1235 4405 legitimum
1258 4333 1297 4390 sit
1319 4341 1348 4389 et
1370 4333 1487 4404 stabile,
1509 4333 1569 4392 hoc

239 4441 324 4489 extra
346 4430 479 4488 ordinem
507 4438 536 4488 et
562 4449 615 4505 pro
643 4440 775 4507 tempore
804 4430 976 4507 plerumque
1005 4441 1171 4509 usurpetur.
1216 4434 1263 4491 lta
1284 4435 1343 4490 dno
1367 4444 1438 4492 sunt
1458 4452 1570 4510 genera

241 4534 380 4603 militum,
408 4533 514 4610 quihus
538 4534 625 4608 signa
645 4533 728 4592 nulla
748 4543 825 4605 sunt,
853 4532 907 4589 sed
929 4533 1042 4591 vexilla
1063 4543 1193 4607 tautum,
1221 4536 1334 4595 scilicet
1356 4537 1488 4594 veterani
1511 4539 1569 4594 suh

241 4637 335 4714 signis
357 4636 464 4694 retenti
487 4635 530 4710 (n.
551 4633 626 4711 229)
648 4644 678 4695 et
702 4636 816 4712 vigiles.
861 4635 900 4693 Et
925 4636 970 4694 illi
998 4637 1116 4713 quidem
1142 4657 1194 4697 cur
1220 4639 1354 4714 legitima
1375 4639 1481 4697 militia
1501 4660 1571 4717 per-

163 4742 308 4822 s‘acta
335 4756 388 4814 pro
417 4737 563 4796 militibus
586 4738 682 4815 magis
709 4739 769 4797 sint
795 4756 882 4815 quam
910 4738 1033 4809 milites,
1062 4741 1161 4815 quivis
1188 4741 1348 4816 intellegit3
1379 4741 1432 4799 sed
1460 4741 1568 4819 vigiles

242 4859 361 4918 quoque
384 4858 402 4896 a
422 4838 556 4916 legitima
582 4839 689 4898 militia
715 4849 845 4898 remotos
872 4859 939 4900 esse
964 4860 1024 4900 non
1049 4843 1148 4902 minus
1173 4853 1259 4901 extra
1285 4845 1488 4919 quaestionem
1511 4855 1569 4902 est.

242 4941 377 5001 Possunt
408 4941 455 5000 his
489 4941 558 4999 addi
589 4942 734 5000 vexillarii
762 4946 885 5018 equitatu
917 4943 975 5001 duo
1009 4946 1119 5021 reperti
1157 4946 1187 5002 in
1223 4946 1396 5005 cohortibus
1427 4948 1570 5023 equitatis

243 5043 307 5119 (nn.
324 5043 373 5100 74.
390 5044 459 5118 75);
487 5062 556 5102 nam
578 5045 693 5119 equites
719 5063 818 5102 earum
846 5064 916 5122 pars
939 5047 1068 5105 cohortis
1092 5055 1161 5106 sunt
1183 5067 1279 5124 neque
1301 5048 1359 5124 ipsi
1383 5050 1493 5107 iustum
1516 5070 1570 5109 uu·

244 5165 357 5206 merum
385 5146 577 5206 constituunt.
620 5145 756 5224 Denique
781 5148 927 5206 iustorum
956 5167 1113 5226 corporum
1140 5151 1310 5210 militarium
1339 5151 1490 5210 vexillarii
1516 5153 1572 5230 qui
