3474 5812
473 617 771 672 oasnnvamouus
798 619 1082 672 nercnarnroan.
1361 599 1434 670 229

129 840 132 845 -
154 796 248 873 iniqua
266 802 359 854 aetate
385 811 453 853 cum
480 795 639 870 legionarii
666 795 776 852 milites
804 794 933 852 nondum
961 795 992 853 in
1019 795 1156 853 cohortes
1179 795 1309 853 ordinati
1331 812 1434 852 secun·

151 896 413 973 duutdpendiorum
440 916 596 956 numerum
624 897 813 973 potissimum
842 897 872 954 in
899 897 958 954 tria
985 916 1094 974 genera
1115 897 1243 973 pilorum
1266 898 1434 974 principum

126 1072 130 1077 Ι
147 1000 288 1059 mbram
302 1000 561 1072 distribuerentur,
584 999 771 1057 centuriones
785 1018 903 1075 quoquc
920 999 1055 1057 similiter
1070 996 1183 1057 divisos
1199 1017 1267 1058 esse
1282 1000 1338 1057 viri
1354 998 1434 1056 docti

147 1110 251 1174 tbhmt,
271 1102 385 1161 scilicet
399 1112 468 1180 post
483 1103 583 1161 decem
607 1102 684 1177 pilos
706 1103 839 1178 priorum
863 1103 1062 1161 centuriarum
1077 1135 1119 1145 ·-
1133 1102 1176 1160 ita
1197 1103 1277 1160 enim
1298 1112 1360 1160 tum
1383 1120 1434 1177 ap·

141 1204 292 1284 pelhhamm
317 1223 482 1283 suppressa
507 1218 606 1264 tamen
634 1213 666 1262 ut
692 1206 722 1262 in
749 1205 873 1282 reliquis
903 1207 1030 1282 passim,
1061 1206 1104 1263 ita
1133 1222 1251 1280 semper
1277 1206 1307 1262 in
1334 1204 1431 1280 primo

139 1304 317 1387 dguificahone
347 1309 498 1366 centuriae
521 1317 702 1366 -secutos
729 1325 797 1365 esse
830 1308 931 1365 decem
958 1307 1036 1384 pilos
1064 1308 1263 1366 centuriarum
1285 1306 1432 1384 posterio-

138 1426 192 1481 tuu,
207 1418 269 1485 post
289 1410 367 1485 pilos
386 1428 491 1469 omnes
507 1410 606 1468 venire
628 1410 756 1484 primum
771 1409 943 1486 principem
965 1411 1156 1487 reliquosque
1178 1410 1338 1486 principes,
1359 1409 1432 1467 item

135 1520 187 1587 post
200 1511 248 1570 hos
267 1516 398 1589 primum
420 1513 570 1570 hastatum
594 1521 623 1569 et
645 1513 780 1569 hastatos
803 1512 937 1587 reliquos
960 1531 1054 1588 usque
1076 1513 1114 1571 ad
1136 1511 1281 1570 decimum
1297 1511 1430 1569 ordinem

135 1612 252 1673 usuum
272 1614 449 1692 posterioris
463 1615 614 1673 centuriae
629 1613 759 1671 omnium
780 1614 924 1672 infimum.
964 1612 1053 1687 Quod
1074 1634 1144 1673 num
1166 1628 1245 1673 reete
1267 1612 1430 1691 ponantl),

134 1730 177 1775 loa
195 1716 333 1793 disquiro:
367 1735 463 1794 neque
490 1718 568 1776 enirn
598 1726 774 1793 argumenta
795 1718 827 1774 in
853 1718 976 1774 alteram
1004 1727 1100 1775 utram
1127 1726 1242 1793 partem
1270 1723 1432 1793 suppetunt

134 1826 192 1877 aru
206 1826 234 1878 et
251 1820 410 1897 explorata
432 1839 527 1897 neque
548 1821 616 1895 ipsa
637 1820 775 1895 quaestio
797 1820 868 1877 huic
889 1820 955 1877 loco
971 1819 1044 1878 satis
1059 1827 1131 1895 apta
1145 1828 1200 1878 est.
1239 1817 1300 1877 Sed
1316 1826 1347 1875 ut
1361 1837 1433 1876 vera

135 1918 184 1990 tint,
199 1920 363 1981 cohortibus
381 1922 527 1981 institutis
549 1932 580 1980 ut
595 1922 741 1980 voeabula
756 1923 962 1981 centurionum
981 1931 1094 1980 mnata
1114 1931 1192 1995 sunt,
1212 1923 1256 1980 ita
1275 1939 1294 1978 a
1309 1920 1432 1979 cohorte

134 2022 288 2097 phanum
310 2025 484 2102 dignitatem
513 2043 614 2083 eorum
642 2024 870 2083 determinatam
897 2042 969 2083 esse.
993 2024 1156 2082 ostendam.
1200 2024 1242 2082 Et
1273 2022 1311 2081 ad
1344 2040 1430 2080 voca-

133 2121 184 2183 htb
200 2126 273 2203 quod
299 2129 415 2199 attinet,
439 2128 549 2186 mansit
571 2127 710 2203 antiquus
733 2143 805 2186 usus
831 2127 863 2184 in
885 2128 951 2185 solo
974 2127 1146 2184 centurione
1167 2127 1300 2184 omnium
1323 2125 1429 2200 primo,

121 2225 214 2315 ‘quippe
234 2228 283 2304 qui
310 2242 372 2287 tam
406 2230 462 2287 hac
495 2238 590 2287 aetate
624 2248 713 2305 quam
745 2228 940 2305 praecedente
973 2228 1174 2305 appellaretur
1198 2233 1312 2304 primus
1338 2228 1428 2303 pilus.

136 2324 255 2389 &dudm
280 2330 387 2389 deinde
415 2341 445 2389 et
473 2332 589 2402 tertius,
618 2331 689 2389 olim
719 2330 788 2389 dicti
823 2332 936 2407 primus
967 2335 1106 2406 princeps
1138 2331 1248 2408 prioris
1278 2329 1429 2389 centuriae

135 2432 272 2507 etprimus
303 2434 442 2492 hastatus
474 2434 584 2509 prioris
616 2435 778 2505 centuriae,
815 2435 870 2491 hac
902 2442 999 2491 aetate
1032 2433 1207 2510 plerumque
1239 2432 1429 2509 appellantur

134 2528 170 2589 ite
184 2536 305 2612 pnacepa
333 2539 476 2612 praetorii
506 2536 553 2593 vel
576 2540 715 2613 princeps
743 2537 831 2607 nude,
859 2537 907 2594 hic
934 2538 1063 2594 hastatus
1084 2539 1196 2610 priraue
1223 2535 1271 2592 vel
1297 2536 1427 2593 hastatus

135 2633 195 2706 nte,
212 2636 284 2695 sicut
304 2639 384 2697 iufra
406 2637 545 2714 exempla
567 2637 723 2696 docebunt.
761 2636 877 2696 Cohors
898 2639 928 2694 in
951 2638 999 2695 his
1022 2638 1193 2696 enuntiatur
1214 2636 1295 2713 apud
1317 2634 1429 2695 (laesa-

124 2752 177 2793 m
191 2737 248 2797 ha
264 2739 294 2808 3,
309 2738 359 2809 64,
381 2740 432 2797 ubi
449 2738 597 2798 secundus
618 2740 752 2798 centurio
775 2739 901 2815 legionis
920 2743 1034 2815 primae
1048 2740 1170 2798 cohortis
1189 2742 1324 2814 princeps
1343 2742 1428 2814 prior

136 2839 276 2915 ttpdlatur,
303 2841 333 2898 in
356 2841 452 2899 titulis
475 2848 573 2899 autem
596 2842 648 2899 vix
671 2861 812 2918 umquam
837 2840 1022 2918 reperiturl)
1044 2851 1074 2900 et
1095 2842 1216 2900 omnino
1238 2842 1269 2899 in
1292 2841 1338 2898 his
1360 2859 1427 2898 oen·

127 2938 263 3007 {ficubus
285 2944 478 3018 imperatoria
500 2952 596 3002 aetate
611 2945 720 3002 cohors
738 2964 799 3002 nou
821 2945 937 3002 solebat
958 2944 1116 3003 enuntiari.
1157 2945 1192 3000 ln
1212 2943 1336 3019 reliquis
1359 2961 1428 3001 ccu-

136 3042 261 3103 tutentur
279 3045 351 3103 inde
370 3065 390 3103 a
409 3055 515 3123 quarto
536 3048 660 3122 antiqua
681 3046 828 3104 vocabula
847 3046 935 3103 ctiam
956 3056 1026 3122 post
1044 3046 1183 3105 cohortes
1204 3047 1357 3104 institutas
1372 3044 1426 3102 ali·

134 3145 235 3217 mdiu
250 3147 399 3206 mansisse
418 3148 579 3206 ostendunt
597 3149 676 3206 tituli
697 3149 766 3217 duo,
789 3148 866 3206 inira
885 3168 914 3206 n.
927 3149 965 3206 49
989 3149 1120 3223 scriptus
1143 3156 1193 3206 aut
1213 3148 1308 3206 libera
1323 3147 1425 3206 etiarn·

133 3246 174 3306 h
187 3248 353 3331 republica
374 3258 426 3307 aut
447 3251 503 3308 sub
527 3250 612 3309 initia
634 3251 773 3327 Augusti,
795 3250 825 3308 in
848 3269 909 3326 quo
932 3260 979 3307 est
997 3254 1132 3326 princeps
1155 3254 1264 3322 tertiae,
1286 3260 1316 3308 et
1337 3270 1367 3308 n.
1385 3249 1424 3306 56

135 3348 228 3425 ηἰιπυε
247 3371 307 3410 non
330 3360 399 3411 ante
420 3352 616 3425 Hadrianum,
640 3353 677 3410 ab
693 3352 837 3411 chzeno
863 3354 945 3428 (ann.
968 3353 1037 3410 inst.
1063 3352 1141 3412 1858
1164 3372 1192 3429 p.
1210 3352 1263 3428 34)
1285 3352 1426 3430 probahi-

134 3442 328 3532 inexpletus
361 3454 392 3511 in
426 3454 504 3513 huuc
540 3455 673 3514 modum:
708 3458 832 3514 centurio
866 3454 1009 3531 [lep-ilonea
1039 3456 1160 3514 eiusdem
1192 3455 1314 3532 [oct]aus
1341 3456 1423 3532 pilus

134 3588 299 3609 5——

180 3654 199 3721 ¹)
213 3660 412 3712 Ordinationem
437 3677 513 3727 quam
539 3677 615 3726 supra
640 3663 781 3727 significavi
808 3662 970 3713 commendat
993 3663 1036 3727 qui
1060 3664 1207 3727 nuperrime
1230 3679 1284 3713 rem
1306 3672 1423 3714 accurate

132 3754 257 3809 mactarit
277 3756 312 3805 A.
332 3754 443 3804 Mueller
461 3755 478 3803 Ι.
499 3771 520 3804 c.
542 3755 575 3816 (v.
595 3772 620 3819 p.
636 3757 688 3806 2⁶26
709 3766 761 3806 not.
778 3755 818 3818 l),
843 3771 899 3804 rum
920 3755 1112 3819 Marquardtius
1132 3753 1386 3823 (Stantsrerrcaltuuq
1406 3759 1422 3807 ‘3

123 3840 201 3911 hm)
216 3846 308 3912 aliique
333 3847 401 3911 pilos
420 3848 548 3912 principes
568 3847 682 3898 hastatos
707 3851 821 3912 priorum
847 3849 1017 3896 centuriarum
1037 3863 1127 3897 omnes
1151 3856 1311 3913 praeponant
1334 3857 1421 3899 centu-

120 3928 209 3987 ’ων
229 3940 401 3989 centuriarum
426 3941 605 4003 posteriorum.
648 3943 684 3990 nt
709 3942 817 3991 fortasse
843 3947 933 3989 neutra
958 3940 1047 4004 opinio
1071 3956 1131 3989 vera
1156 3949 1202 3990 est.
1249 3942 1422 4006 Reperiuntur

119 4020 195 4077 stin
214 4032 280 4096 apud
301 4039 420 4081 auctores
439 4033 482 4097 qui
502 4033 578 4083 huius
598 4035 688 4082 aetatis
714 4049 755 4083 res
773 4039 857 4096 gestas
877 4040 1028 4081 enarrarunt
1047 4039 1148 4096 practer
1167 4035 1263 4098 primos
1283 4036 1349 4098 pilos
1362 4036 1420 4102 pri·

128 4124 164 4165 *ὃ
174 4123 284 4191 princeps
304 4124 403 4191 prioris
426 4125 553 4174 centuriae
578 4125 644 4185 (Lir,
658 4128 701 4186 42,
717 4126 762 4187 34)
782 4152 815 4160 —
828 4126 924 4191 primus
938 4125 1060 4190 prim-eps
1080 4125 1145 4184 (Lir.
1162 4127 1204 4187 25,
1223 4129 1263 4175 14.
1285 4128 1328 4187 26,
1344 4128 1370 4189 6)
1385 4156 1418 4165 -

125 4206 193 4269 Ν
207 4212 320 4266 iunctm
344 4217 532 4279 (Liv.at,14;
558 4216 634 4269 Oros.
648 4219 702 4278 4,1
724 4219 867 4268 accuratius
891 4233 967 4282 quarn
981 4217 1074 4266 Florus
1091 4220 1115 4278 1,
1132 4219 1205 4278 13‚9
1226 4221 1269 4284 qui
1292 4219 1422 4270 substituit

127 4308 150 4351 Ε
160 4318 207 4356 tuse
222 4309 314 4358 attath
328 4310 513 4359 consuetudine
525 4307 650 4359 hastatum
670 4309 747 4370 uude)
762 4337 794 4345 -
810 4308 931 4358 secundus
944 4307 1060 4358 hastatus
1078 4308 1144 4371 (Liv.
1156 4312 1199 4372 26,
1215 4311 1241 4371 5)
1256 4337 1289 4346 —
1304 4310 1419 4363 decumae

124 4390 286 4451 «himmas
309 4400 376 4463 (htv.
391 4402 435 4461 42,
452 4402 506 4463 34).
539 4403 608 4454 Sanc
627 4403 720 4451 mirum
740 4409 779 4451 est
797 4410 898 4466 practer
916 4403 1027 4466 primum
1048 4401 1127 4466 pilum
1147 4403 1215 4452 solos
1234 4402 1288 4452 iere
1308 4419 1418 4453 comme-

124 4492 191 4541 511ιῆ
209 4494 319 4559 primum
344 4493 487 4559 principem
513 4502 538 4543 et
560 4496 672 4560 primum
697 4494 833 4554 hastatum,
858 4495 984 4558 siquidem
1013 4496 1110 4559 primus
1135 4496 1253 4559 princeps
1278 4497 1417 4546 secundum

102 4568 242 4639 elatorum
271 4587 408 4636 vicesimus
435 4587 545 4651 primus,
577 4587 718 4637 secundum
746 4587 949 4650 Marquardtium
977 4588 1128 4636 undecimus
1158 4589 1334 4637 centurionum
1358 4589 1415 4649 fuit,

102 4666 190 4733 'Ubus
217 4677 331 4729 huntus
358 4679 498 4728 seeundum
526 4679 599 4727 illum
629 4679 838 4743 quadragesimus
863 4679 972 4742 primus,
1005 4680 1146 4729 seecundum
1180 4680 1247 4729 hunc
1280 4681 1416 4730 vicesimus

110 4762 195 4827 lhos
230 4770 358 4836 Equidem
382 4772 463 4835 magis
489 4771 641 4820 crediderim
665 4772 841 4821 centurionum
861 4771 1036 4835 dignationem
1065 4773 1134 4822 omni
1154 4779 1268 4836 tempore
1288 4773 1416 4822 derectam

111 4868 153 4909 fla
171 4862 328 4928 aliquatenus
350 4871 419 4914 certe
444 4865 477 4913 ad
501 4864 691 4914 ordinationem
716 4864 881 4923 cohortalem,
911 4879 986 4928 quarn
1012 4871 1112 4913 constat
1134 4866 1220 4929 aliquo
1253 4866 1331 4914 modo
1362 4873 1414 4914 tum

108 4964 189 5018 mua
205 4955 293 5018 fuisse,
319 4972 375 5005 cum
396 4973 411 5006 a
431 4957 512 5006 tribus
536 4958 647 5006 militum
670 4957 807 5020 generibus
826 4957 954 5006 ordinatio
976 4957 1084 5022 legionis
1103 4958 1240 5022 pendebat,
1261 4965 1285 5006 et
1303 4958 1414 5022 primum

102 5046 228 5113 fiducipem
249 5065 281 5098 eo
301 5064 402 5114 quoque
426 5055 541 5115 tempore
566 5050 705 5099 secundum
726 5050 751 5098 in
772 5050 872 5112 legione
891 5050 1064 5099 centurionem
1084 5049 1172 5110 lrrisse,
1199 5051 1309 5114 primum
1330 5049 1414 5100 hasta-

102 5142 144 5189 lma
162 5142 270 5191 tertium.

163 5231 187 5294 ²)
206 5234 394 5299 Exceptionem
414 5234 559 5284 tacitanus
579 5236 666 5284 titulus
687 5252 711 5299 p.
726 5236 778 5286 ‘232
793 5252 817 5284 n.
834 5236 868 5285 at
888 5249 934 5285 uec
953 5236 1071 5285 lectionis
1090 5235 1152 5285 satis
1172 5243 1255 5286 certae
1274 5250 1357 5300 neque
1375 5236 1413 5285 in·

102 5326 285 5392 arpretatiouie.
