3474 5812
268 492 422 545 surtran
448 493 685 546 rourrmaau
712 493 974 544 MONVMENTVM
1001 494 1278 547 cantaturum.
1364 478 1436 548 485

113 681 161 728 tus
192 678 237 727 est
267 669 402 744 fastigio,
432 669 512 744 quod
539 688 605 725 cum
634 669 807 744 epistylium
834 670 994 745 parastatis
1022 671 1142 729 incubet
1168 671 1266 747 ipsum
1295 672 1439 731 columnis

111 771 255 831 suffulciri
280 769 444 844 videtur1).
486 770 614 828 Inferior
635 771 817 830 monumenti
840 789 910 848 pars
929 790 995 830 cum
1018 773 1047 829 xi
1070 771 1204 831 adhibita
1224 773 1313 849 plane
1335 793 1440 834 eversa

113 876 166 945 sit,
193 885 290 932 tamen
318 892 383 931 eum
411 873 490 930 intus
518 872 596 932 haud
619 873 711 931 dubia
732 874 846 951 antiqui
869 874 1031 950 pavimenti
1056 876 1184 952 vestigia
1206 885 1371 952 appareant
1392 896 1439 935 co-

112 978 280 1035 lumnarum
303 974 428 1033 altitudo
450 984 532 1033 certa
553 976 669 1034 ratione
691 976 889 1034 demonstrari
910 985 1017 1054 potest.
1062 977 1111 1036 Ad
1133 995 1278 1053 pronaum
1300 999 1353 1056 per
1375 998 1439 1038 sca·

113 1079 159 1136 las
182 1079 293 1136 aditum
314 1078 418 1147 fuisse,
441 1078 495 1137 etsi
518 1079 649 1153 ipsarum
672 1079 744 1135 nihil
767 1085 913 1156 superest,
935 1091 966 1138 et
986 1080 1045 1138 loci
1066 1089 1171 1138 natura
1195 1080 1282 1140 docet
1304 1091 1333 1139 et
1351 1082 1439 1141 huius

113 1200 180 1238 cum
202 1180 271 1238 aliis
293 1181 492 1239 monumentis
515 1181 620 1239 vicinis
643 1181 835 1257 comparatio,
857 1180 938 1239 velut
960 1180 1039 1255 quod
1056 1181 1171 1258 Berylli
1191 1191 1314 1241 vocatur
1329 1184 1439 1243 colum·

114 1282 244 1354 barium,
270 1283 306 1339 cf.
334 1283 393 1340 tab.
410 1283 424 1340 Ι
441 1282 513 1353 CD3
542 1302 595 1340 nec
622 1283 719 1340 minus
748 1283 813 1359 ipsa
840 1283 1040 1341 columnarum
1069 1303 1208 1342 mensura
1230 1286 1261 1342 in
1284 1295 1442 1346 causaest

115 1405 167 1443 cur
188 1386 218 1443 in
240 1385 439 1443 fundamentis
462 1395 509 1442 sat
530 1384 637 1460 amplis
660 1403 712 1443 eas
733 1386 847 1461 positas
869 1385 963 1444 fuisse
985 1395 1160 1445 statuamus.

198 1488 378 1564 Epistylium
410 1486 488 1563 quod
518 1506 577 1544 una
605 1505 670 1544 cnm
698 1488 830 1565 zophoro
860 1487 969 1564 optime
998 1497 1208 1547 conservatum
1237 1500 1297 1564 est,
1331 1492 1440 1569 quippe

115 1592 184 1649 vivo
211 1608 285 1648 saxo
311 1590 459 1661 excisum,
490 1590 564 1646 duas
586 1589 697 1647 fascias
720 1590 810 1647 habet
831 1591 953 1647 alteram
976 1590 1060 1649 alteri
1087 1592 1301 1666 imminentem,
1331 1594 1440 1669 quibus

116 1713 193 1770 quae
219 1692 417 1768 superiniecta
443 1699 490 1749 est
511 1690 586 1749 stria
606 1691 708 1766 paullo
729 1691 816 1749 latior
838 1693 924 1751 titulo
947 1692 1129 1751 dedicatorio
1151 1695 1296 1770 iuscripta
1317 1704 1375 1767 est,
1403 1697 1440 1754 cf.

115 1798 208 1854 Inscr.
234 1797 259 1852 1.
309 1793 474 1868 Fastiginm
509 1793 628 1851 urceolo
660 1803 689 1850 et
716 1802 821 1870 patera
849 1804 985 1854 ornatum
1016 1796 1163 1872 utrimque
1191 1797 1228 1855 ad
1255 1811 1440 1874 metoparum

116 1897 336 1956 similitudinem
368 1895 502 1971 singulos
531 1895 620 1953 habet
648 1906 799 1973 serpentes
829 1897 905 1954 inter
932 1897 1018 1955 binas
1046 1916 1114 1956 aras
1144 1901 1333 1976 exsculptos,
1365 1919 1441 1976 quae

117 2000 333 2075 triglyphorum
355 1999 422 2057 loco
446 2007 523 2056 sunt.
561 1996 769 2076 Capitulorum
791 2009 951 2074 supersunt
972 2000 1056 2058 abaci
1072 2001 1177 2073 mutili,
1201 2019 1327 2077 quorum
1342 2012 1441 2060 tamen

116 2102 203 2160 alteri
229 2121 293 2159 cum
321 2102 436 2178 pulvini
462 2101 639 2176 volutaeque
661 2102 773 2177 aliquid
796 2101 971 2160 adhaereret
992 2121 1057 2160 cum
1081 2103 1197 2161 acanthi
1220 2103 1346 2176 foliolis,
1373 2105 1442 2164 inde

117 2205 273 2281 pristinam
294 2204 419 2261 formam
442 2204 642 2278 redintegrare
664 2211 790 2262 conatus
814 2221 891 2275 sum,
913 2224 939 2260 v.
963 2205 1021 2263 tab.
1038 2204 1089 2263 IF.

201 2305 349 2364 Vestibuli
378 2305 442 2362 sive
468 2305 573 2380 pronai
598 2306 763 2382 parietibus
789 2306 999 2381 inscriptiones
1027 2305 1161 2366 Graecae
1188 2306 1373 2385 Latinaeque
1399 2310 1442 2367 in·

118 2410 197 2467 cisae
222 2415 304 2479 sunt,
331 2425 457 2482 quarum
484 2426 559 2484 quae
585 2408 760 2484 ingredienti
787 2408 915 2466 adversa
942 2417 989 2467 est
1014 2410 1133 2467 acanthi
1157 2409 1239 2469 foliis
1270 2411 1307 2469 ab
1335 2412 1442 2470 ceteris

118 2512 293 2586 seiungitur.
330 2509 392 2570 Sub
414 2511 469 2568 hac
489 2510 680 2586 inscriptione
702 2529 777 2586 quae
797 2511 852 2569 fuit
874 2511 945 2569 olim
966 2519 1055 2589 porta
1075 2511 1112 2570 ad
1132 2522 1288 2590 angustam
1304 2513 1441 2572 cellulam

119 2613 301 2671 conducebat
328 2611 528 2689 compluribus
555 2612 662 2671 loculis
691 2613 828 2691 oblongis
854 2613 1043 2686 instructam,
1070 2613 1148 2672 unde
1170 2634 1223 2691 per
1248 2615 1357 2691 gradus
1390 2616 1443 2673 ali·

119 2725 192 2791 quot
218 2715 256 2773 ad
282 2734 429 2773 cameram
454 2716 551 2790 ipsam
579 2710 773 2791 sepulcralem
801 2716 990 2773 descenditur
1012 2734 1101 2791 opere
1123 2717 1277 2774 coronario
1299 2718 1443 2776 incrusta-

119 2828 193 2887 tum,
221 2817 258 2875 de
279 2836 338 2892 quo
361 2828 478 2893 praeter
500 2836 596 2893 pauca
618 2818 735 2875 acanthi
757 2818 831 2876 folia
853 2816 1005 2895 Gorgonis
1028 2825 1117 2894 caput
1139 2828 1276 2893 superest
1297 2821 1442 2896 anguibus

118 2920 270 2989 crinitum,
298 2919 456 3001 maximam
484 2926 582 2976 tamen
605 2929 718 2994 partem
741 2918 771 2976 id
793 2939 931 2978 manuum
955 2921 984 2977 vi
1007 2919 1143 2978 deletum.
1187 2919 1286 2978 Huius
1309 2940 1443 2980 camerae

120 3023 248 3099 parietes
275 3033 352 3078 tecto
378 3021 545 3097 propinqua
566 3040 676 3079 corona
697 3020 788 3080 ambit
810 3041 869 3080 non
890 3022 1014 3080 multum
1038 3022 1223 3098 prominens,
1252 3022 1299 3081 ubi
1320 3025 1444 3083 vascula

119 3143 270 3200 urnasque
292 3123 453 3180 cinerarius
475 3124 588 3200 positas
610 3124 704 3181 luisse
727 3125 917 3194 coniecerim;
939 3124 1017 3183 infra
1031 3125 1068 3184 ad
1084 3126 1219 3184 dextram
1235 3125 1444 3202 sinistramque

119 3228 208 3285 loculi
231 3226 366 3302 perlongi
388 3225 549 3300 parietibus
572 3227 698 3286 immissi
719 3228 758 3285 ad
779 3226 983 3285 defunctorum
1003 3246 1131 3305 corpora
1145 3228 1261 3304 integra
1275 3229 1445 3305 recipienda

120 3329 272 3404 maiorque
299 3327 387 3385 etiam
414 3338 444 3384 et
469 3327 646 3404 profundior
671 3331 702 3387 in
723 3329 829 3406 apsida
851 3339 989 3388 curvatus
1011 3328 1127 3387 loculus
1149 3331 1180 3388 in
1201 3331 1315 3408 pariete
1336 3331 1442 3402 medio,

121 3432 235 3490 duobus
261 3430 347 3488 lectis
374 3436 476 3504 aptus,
503 3429 551 3487 ubi
575 3430 697 3489 dubium
719 3450 777 3489 non
801 3441 845 3490 est
867 3431 938 3507 quin
959 3432 1054 3507 ipsius
1076 3432 1258 3510 Pomptillae
1279 3442 1443 3510 posteaque

120 3533 252 3609 Philippi
275 3532 330 3590 viri
353 3548 424 3589 ossa
445 3531 564 3590 condita
585 3532 703 3606 fuerint,
725 3534 763 3591 cf.
785 3534 876 3592 Inscr.
896 3536 942 3591 13,

202 3635 295 3692 Varia
321 3634 375 3692 illa
401 3651 476 3709 quae
502 3635 533 3691 in
559 3643 707 3693 automata
728 3636 825 3693 efficta
846 3634 976 3695 diximus
999 3636 1150 3714 symbola,
1178 3637 1203 3696 si
1225 3637 1346 3714 quidem
1368 3656 1443 3714 opus

120 3749 165 3795 est
191 3737 347 3813 explicari,
374 3735 518 3810 explicari
545 3738 634 3795 variis
657 3737 754 3796 modis
776 3748 914 3815 possunt:
941 3739 1022 3798 velut
1044 3739 1225 3816 serpentium
1245 3740 1390 3818 imagines
1412 3749 1445 3799 ut

119 3848 247 3914 possunt
273 3840 310 3896 ad
337 3842 453 3899 animae
479 3840 731 3899 immortalitatem
758 3848 967 3918 aeternamque
993 3849 1061 3918 post
1082 3851 1207 3900 mortem
1229 3843 1320 3901 vitam
1341 3842 1445 3901 referri

118 3942 161 3999 ita
183 3942 283 3999 nescio
305 3962 342 4000 au
365 3944 504 4002 subtilius
525 3942 744 4018 interpretanda
766 3943 834 4001 sint.
871 3943 907 4002 In
928 3944 1016 4003 titulo
1038 3944 1116 4001 enim
1135 3943 1317 4003 dedicatorio
1333 3943 1443 4022 Pomp-

119 4043 185 4101 tilla
207 4053 329 4102 vocatur
350 4047 555 4118 benedicta,
578 4063 637 4121 quo
660 4046 834 4122 cognomine
856 4044 967 4103 Isidem
989 4043 1136 4104 interdum
1159 4046 1339 4122 appellatam
1362 4047 1444 4104 novi-

120 4165 198 4204 mus:
227 4147 291 4205 eius
319 4147 392 4204 deae
418 4167 538 4224 serpens
565 4148 709 4205 sollemne
734 4157 798 4204 erat
819 4147 942 4222 insigne.
986 4147 1099 4205 Divino
1121 4156 1218 4206 autem
1239 4148 1299 4207 ritu
1321 4166 1443 4207 uxorem

120 4248 178 4305 coli
200 4248 294 4306 voluit
314 4249 473 4327 Philippus
495 4269 560 4308 cum
583 4250 639 4308 hos
661 4267 764 4308 versus
787 4249 929 4307 scriberet
950 4248 1002 4324 (cf.
1024 4249 1119 4308 Inscr.
1139 4250 1204 4325 14):

403 4388 527 4446 Iunonis
550 4387 638 4446 sedes
659 4387 791 4445 infernae
813 4387 923 4444 cernite
945 4388 1058 4445 cuncti:

403 4490 524 4548 numine
546 4498 659 4548 mutato
680 4489 774 4566 fulget
795 4488 957 4565 Pomptilla
978 4507 1031 4564 per
1053 4507 1167 4548 aevom.

118 4624 202 4682 Haec
224 4625 285 4682 lere
307 4633 376 4684 sunt
396 4645 473 4702 quae
495 4627 533 4684 ad
555 4626 780 4685 describendum
804 4625 1002 4685 clarissimum
1026 4627 1105 4702 apud
1127 4625 1318 4686 calaritanus
1341 4646 1444 4687 monu-

120 4736 251 4785 mentum
273 4729 435 4802 pertinent:
464 4728 516 4788 sed
539 4728 711 4804 priusquam
734 4727 849 4786 dicendi
872 4728 960 4786 finem
982 4729 1099 4802 faciam,
1126 4730 1293 4789 tabularum
1316 4730 1443 4789 curiosis

119 4933 322 4944 ——.-

194 5090 219 5154 ¹)
244 5094 277 5144 V.
296 5093 377 5145 tabl
399 5092 443 5144 nbi
468 5093 570 5160 qualem
589 5104 637 5159 ego
655 5093 789 5143 restituere
808 5099 913 5145 conatus
933 5109 988 5144 snm
1008 5094 1139 5145 aediculae
1158 5095 1305 5159 adspectum
1325 5109 1377 5142 non
1397 5093 1442 5143 du-

53 5171 56 5177 *
116 5185 170 5236 bito
191 5186 252 5252 quin
272 5201 330 5238 cum
347 5186 455 5253 antiqua
471 5185 558 5252 specie
574 5184 629 5237 iera
646 5193 777 5252 congruat.
