3474 5812
283 480 356 551 388
811 497 1086 548 anmvauexra
1565 498 1616 546 sec

280 675 331 750 qui
354 674 458 732 estad
481 672 580 732 scalas
595 683 713 748 aparte
734 667 892 746 dextra¹).
930 668 1019 743 Quod
1033 678 1111 729 ’cum
1133 673 1227 740 lieret,
1249 692 1278 729 m
1294 669 1444 741 rastas
1467 670 1615 729 interioris

280 777 376 852 partis
404 777 483 833 latus
513 775 668 833 sinistrum
697 774 814 832 ridetur
839 773 992 832 desectum
1019 781 1050 831 et
1074 773 1222 848 perditum
1249 790 1327 831 esse.
1376 771 1478 846 Quare
1499 773 1615 831 litteras

280 892 539 938 cassearvmrvcta
567 877 697 952 obliquis
725 875 955 952 exprimendum
983 876 1095 934 curavi.
1152 873 1294 933 Ceterum
1324 883 1403 932 reete
1430 875 1505 933 haec
1535 875 1613 951 frag-

280 992 381 1039 menta
411 999 458 1038 me
489 979 682 1037 coniunxisse
713 997 780 1036 cum
815 997 849 1035 re
885 978 953 1055 ipsa
982 986 1079 1054 patet,
1118 987 1195 1049 tum,
1234 978 1404 1053 quicunque
1437 981 1614 1052 scripturam

280 1082 510 1151 examinaverit,
537 1081 705 1139 certissime
727 1081 910 1139 edocebitur.
952 1078 1055 1140 Solum
1078 1100 1107 1138 n.
1124 1079 1238 1150 83853,
1254 1078 1294 1137 80
1317 1099 1387 1137 num
1409 1081 1440 1136 in
1462 1097 1549 1138 snum
1571 1080 1617 1137 lo·

280 1203 348 1242 cnm
372 1203 440 1242 vere
465 1197 636 1241 revocatum
664 1184 705 1241 sit
729 1182 865 1241 dubitare
892 1182 970 1241 licet.
1015 1180 1075 1241 Sed
1097 1202 1136 1240 ex
1158 1182 1276 1240 duobus
1298 1181 1474 1258 fragmentis
1498 1181 1614 1238 -hoc

279 1287 398 1363 dequo
421 1286 521 1364 agitur
542 1296 572 1342 et
594 1304 621 1340 n.
639 1284 788 1356 83851),8
812 1319 851 1328 -
874 1286 923 1342 nni
946 1285 1031 1343 illum
1054 1285 1153 1342 locum
1175 1285 1278 1360 utique
1299 1284 1401 1343 deberi
1416 1284 1489 1342 mihi
1504 1293 1615 1342 certum

280 1389 406 1448 videtur.
441 1387 516 1446 Cum
532 1386 610 1445 enim
627 1388 657 1444 iu
673 1388 827 1463 utriusque
848 1386 942 1445 latere
965 1387 1087 1446 sinistro
1105 1386 1223 1446 litterae
1244 1385 1365 1445 omnino
1381 1406 1441 1443 non
1457 1387 1527 1456 sint,
1547 1405 1615 1462 per-

279 1491 404 1550 tinuisse
426 1498 577 1566 nequeunt
598 1490 657 1547 nisi
681 1491 719 1548 ad
740 1490 823 1549 basis
846 1491 943 1548 latera
965 1499 1017 1547 aut
1038 1490 1176 1548 dextrum
1199 1500 1251 1547 ant
1273 1489 1438 1548 sinistrum.
1474 1487 1614 1565 Namque

280 1593 406 1652 anticam
435 1600 549 1650 tantum
577 1603 607 1650 et
631 1591 775 1666 posticam
797 1593 827 1648 in
851 1602 937 1667 parte
959 1592 1066 1650 dextra
1087 1592 1243 1670 superiore
1265 1591 1376 1650 litteris
1397 1610 1520 1650 vacasse
1542 1591 1613 1667 quin
1645 1654 1649 1658 ,

279 1706 446 1754 statuamus
468 1693 541 1752 nibil
563 1693 671 1751 obstat.
716 1693 775 1750 llla
796 1694 890 1765 enim,
918 1705 949 1752 ut
969 1712 1030 1770 qua
1051 1695 1254 1753 contineretur
1275 1694 1434 1763 dedicatio,
1456 1700 1535 1752 certe
1556 1713 1615 1750 non

280 1805 343 1856 tota
369 1797 478 1855 litteris
505 1805 652 1871 occupata
677 1804 751 1853 erat.
794 1795 936 1854 Poeticae
958 1806 1057 1854 autem
1080 1796 1230 1855 sinistram
1253 1803 1369 1873 partem
1392 1794 1487 1853 solam
1510 1795 1614 1852 iuscri-

278 1909 360 1977 ptam
389 1899 483 1956 fuisse
510 1897 578 1955 inde
606 1898 743 1968 efficitur,
772 1898 853 1972 quod
881 1897 1038 1974 complura
1065 1899 1248 1974 fragmenta,
1275 1917 1354 1973 quac
1381 1897 1503 1954 sinistro
1531 1897 1613 1953 basis

279 2002 364 2059 lateri
393 1999 472 2058 haud
498 1999 586 2056 dubie
616 2000 774 2059 tribuenda
800 2010 884 2071 suut,
913 2019 932 2056 a
958 2000 1022 2059 suis
1049 2001 1186 2076 partibus
1213 2000 1347 2058 sinistris
1374 2000 1481 2057 litteris
1503 2011 1613 2056 carent.

280 2101 426 2176 Quaestio
452 2100 543 2177 igitur
568 2102 598 2158 in
625 2122 661 2160 eo
688 2112 803 2160 tautum
826 2112 974 2173 versatur,
1002 2122 1072 2159 num
1099 2102 1276 2178 fragmentis
1298 2123 1326 2160 n.
1344 2100 1461 2172 83851),
1481 2100 1521 2158 80
1542 2108 1572 2158 et
1595 2097 1612 2155 8

279 2205 345 2262 loca
370 2203 431 2261 siut
455 2203 607 2261 mutanda.
628 2237 668 2247 ——
694 2203 735 2262 N.
750 2203 904 2276 8385ὁ,7
928 2223 994 2262 cum
1022 2203 1060 2262 ad
1088 2222 1257 2279 supremam
1284 2203 1368 2261 basis
1389 2212 1503 2280 partem
1526 2202 1614 2277 perti·

279 2307 391 2377 nuerit‚
418 2307 582 2364 secundum
609 2326 646 2365 ea
671 2324 748 2382 quae
775 2305 865 2363 modo
893 2305 1036 2382 exposui,
1063 2307 1093 2363 in
1120 2306 1211 2364 alium
1234 2307 1332 2365 locum
1355 2316 1444 2381 atque
1465 2306 1497 2362 iu
1518 2304 1612 2374 illum,

278 2408 310 2466 in
332 2428 391 2486 quo
414 2408 513 2483 posui,
535 2409 618 2466 nollo
640 2407 729 2491 modo
752 2407 888 2484 quadrat
927 2407 1007 2465 Tota
1028 2407 1111 2466 basis
1134 2428 1174 2465 m.
1189 2407 1260 2479 0,68
1283 2425 1391 2466 crassa
1411 2415 1441 2464 et
1462 2406 1530 2483 plus
1553 2424 1615 2463 me·

278 2521 324 2568 tro
350 2508 413 2568 alta
439 2509 504 2568 suit.
550 2508 767 2584 [Adiunximus
792 2527 848 2568 nos
876 2510 1045 2585 fragmenta
1071 2528 1148 2586 quae
1173 2510 1293 2568 fuerunt
1319 2509 1436 2567 anticae
1462 2528 1491 2566 n.
1507 2506 1615 2565 taust

279 2622 309 2671 et
331 2611 457 2686 tauta]

322 2713 451 2775 Sinistra
474 2713 556 2772 basis
578 2714 667 2772 lateri
686 2713 777 2772 tribui
798 2714 965 2790 fragmenta
987 2734 1016 2773 n.
1034 2712 1147 2784 83855,
1164 2713 1193 2771 8.
1212 2712 1259 2771 18.
1278 2712 1325 2770 18.
1343 2713 1370 2770 9.
1391 2714 1438 2770 14.
1458 2713 1505 2782 10,
1528 2730 1610 2788 prae-

279 2826 362 2876 terea
382 2836 411 2873 n.
428 2815 542 2887 83855,
564 2817 591 2874 5.
607 2816 636 2885 4,
659 2816 771 2892 quippe
793 2834 869 2892 quae
891 2834 909 2872 a
932 2823 1017 2897 parte
1040 2814 1147 2873 dextra
1168 2816 1285 2875 litteras
1305 2834 1365 2873 non
1387 2815 1557 2875 exhibeant

320 2918 448 2977 Restant
475 2917 642 2993 fragmenta
668 2935 723 2975 sex
753 2917 815 2991 (vel
844 2927 958 2992 septem
986 2950 1025 2959 -
1054 2936 1123 2974 nam
1148 2918 1215 2981 aa
1245 2918 1283 2976 cf.
1312 2936 1393 2993 corp.
1424 2919 1513 2977 inser.
1543 2918 1610 2977 add.

278 3043 307 3098 p.
325 3020 384 3079 868
407 3038 462 3095 ego
485 3039 542 3077 non
566 3021 711 3096 repperi),
740 3021 849 3095 quibus
873 3019 939 3078 loca
961 3027 1042 3077 certa
1063 3019 1218 3098 assignare
1241 3038 1301 3077 non
1322 3020 1419 3095 potui:
1447 3040 1476 3078 n.
1492 3021 1520 3077 3.
1537 3021 1564 3078 4.
1582 3022 1610 3079 5.

278 3124 306 3180 6.
325 3123 341 3180 7
360 3120 598 3193 =V1,2385o‚
618 3123 664 3179 15.
681 3122 708 3179 3.
726 3120 775 3179 83.
794 3120 841 3178 81.
863 3123 909 3192 16,
932 3123 1061 3198 denique
1082 3140 1110 3180 n.
1128 3122 1146 3180 8
1164 3147 1200 3171 =
1217 3121 1271 3193 VI,
1288 3120 1401 3193 83885,
1419 3120 1457 3179 83
1480 3121 1524 3196 (ἰιι
1542 3122 1610 3179 add.

276 3243 304 3300 p.
330 3223 418 3298 868),
449 3243 508 3281 non
536 3224 688 3281 diversum
716 3243 734 3280 a
760 3243 788 3280 n.
816 3223 933 3294 83885,
958 3222 1012 3294 83,
1044 3223 1104 3282 nisi
1131 3224 1211 3298 quod
1243 3224 1311 3282 huic
1344 3223 1483 3299 exemplo
1511 3223 1611 3299 plures

277 3343 393 3385 errores
425 3325 589 3382 inhaerent.
639 3326 673 3383 ld
707 3326 744 3381 ad
778 3326 855 3382 hano
887 3324 1001 3395 basim,
1034 3325 1070 3382 de
1099 3344 1159 3400 qua
1188 3328 1296 3404 agitur,
1331 3343 1391 3382 non
1419 3326 1458 3383 ad
1487 3325 1611 3383 alteram

276 3449 305 3486 n.
322 3427 417 3498 8388,
445 3441 474 3484 et
496 3427 652 3484 marmoris
675 3434 704 3486 et
727 3427 891 3484 litterarum
914 3427 1031 3502 specics
1055 3427 1215 3486 manifesto
1238 3434 1387 3485 revocant.
1406 3460 1444 3470 —
1471 3425 1612 3486 Ceterum

276 3531 347 3588 nolo
370 3538 467 3587 tacere
488 3528 668 3605 fragmenta,
692 3546 769 3603 quae
792 3541 863 3586 sunt
884 3530 914 3586 in
938 3527 972 3587 C.
989 3528 1013 3585 1.
1030 3526 1066 3587 L.
1084 3527 1143 3599 VI,
1159 3527 1269 3585 2393u
1287 3536 1317 3586 et
1336 3527 1453 3598 teate,
1480 3530 1611 3587 fortasse

277 3631 314 3688 ad
342 3631 429 3689 huius
456 3630 538 3687 basis
565 3631 696 3687 ntrticam
722 3631 884 3704 pertinere,
913 3648 932 3686 a
956 3647 1015 3704 qua
1037 3649 1092 3687 nec
1115 3630 1271 3687 marmoris
1294 3649 1348 3688 nec
1370 3630 1535 3687 litterarum
1559 3649 1611 3693 naa

276 3740 344 3791 tura
370 3732 519 3791 differunt.
569 3729 763 3806 [Coniectura
788 3738 835 3790 est
860 3742 954 3801 recta3
987 3731 1023 3789 cf.
1052 3749 1128 3806 quae
1155 3750 1248 3807 supra
1275 3731 1465 3806 addidimus]
1495 3764 1533 3773 —
1556 3731 1610 3803 Vl,

277 3832 390 3904 83855,
410 3835 443 3890 11
470 3843 628 3910 postquam
651 3853 689 3891 ex
711 3833 825 3908 pariete
848 3833 982 3891 evulsum
1006 3842 1053 3892 est
1074 3835 1201 3910 cognovi
1222 3851 1282 3891 non
1304 3851 1371 3891 esse
1392 3834 1480 3892 huius
1504 3834 1595 3892 basis.

319 3935 500 4012 Fragmenta
520 3957 548 3994 n.
567 3935 684 4006 83855,
708 3935 743 3992 13
767 3944 797 3993 et
819 3934 859 3993 84
888 3954 953 3993 cum
977 3935 1087 4011 lapidis
1112 3946 1219 3994 natura
1240 3943 1303 3993 tum
1324 3935 1489 3994 litterarum
1512 3937 1610 3993 torma

276 4039 362 4097 docet
377 4037 516 4096 necteris
533 4038 702 4111 separanda
723 4055 800 4110 esse,
823 4037 1031 4113 coniungenda
1051 4056 1118 4095 cum
1141 4057 1169 4094 u.
1187 4036 1307 4109 8388α,
1325 4036 1352 4095 8.
1370 4037 1397 4095 3.
1415 4039 1444 4108 4,
1466 4039 1504 4096 cf.
1520 4039 1608 4096 inira.

319 4140 464 4215 Superest
493 4148 525 4197 ut
553 4139 788 4196 animadvertam
816 4139 847 4195 iu
877 4139 1018 4215 repositis
1048 4139 1187 4197 tabularii
1215 4148 1333 4214 praeter
1363 4158 1412 4209 ea,
1441 4158 1519 4215 quae
1549 4141 1608 4196 ianr

276 4242 460 4311 enumeravi,
488 4242 576 4298 etiam
605 4241 678 4298 lracc
704 4241 869 4316 fragmenta
892 4241 1019 4299 servari:
1048 4239 1607 4312 ιι.83855,18.1814131583.

277 4341 324 4400 81.
346 4343 392 4414 16,
415 4344 486 4401 item
509 4363 536 4401 ιι.
554 4341 667 4412 83881),
685 4341 722 4400 83
746 4342 796 4417 (cf.
814 4343 880 4400 add.
901 4343 921 4400 1.
934 4341 979 4417 1.).
1016 4342 1145 4418 Reliqua
1167 4343 1195 4399 in
1219 4342 1342 4401 aedibus
1364 4351 1608 4402 conservatorum

275 4444 340 4502 loco
363 4464 457 4521 supra
478 4445 628 4521 descripto
652 4444 757 4521 parieti
781 4444 872 4502 affixa
894 4439 1023 4520 sunt’l).

356 4687 379 4748 ¹)
409 4688 471 4738 lude
491 4690 579 4737 avulsa
599 4704 665 4737 nunc
686 4689 769 4737 iacent
788 4690 814 4738 in
834 4689 956 4737 eav'nevlio
976 4687 1078 4736 aedium
1099 4695 1315 4749 conservatorum,
1336 4688 1417 4738 donec
1435 4689 1492 4738 loeo
1506 4689 1605 4752 aptiore

276 4796 332 4830 cum
353 4781 443 4830 ceteris
463 4781 643 4830 laterculorum
662 4781 813 4844 fragmentis
834 4781 998 4830 collocentur.
1024 4784 1035 4807 t

352 4869 376 4933 ²)
404 4872 478 4921 Nunc
498 4880 523 4919 et
543 4873 598 4934 ipsa
618 4872 644 4920 in
664 4872 788 4921 cavaedio
808 4873 910 4920 aedium
932 4879 1139 4922 conservatorum
1160 4872 1229 4920 humi
1251 4874 1341 4922 iacent.
