3474 5812
201 463 273 533 522
766 480 949 533 mommsen

199 653 430 734 Italiafflreliqua
454 664 484 713 et
509 653 654 731 imprimis
681 654 751 713 urbs
777 654 873 713 Roma
899 652 1044 711 eiusmodi
1066 652 1245 730 cognomina
1266 651 1378 710 maiore
1400 668 1532 710 numero

200 757 410 834 suppeditabit,
439 766 470 814 at
496 776 554 815 non
582 757 621 815 ob
646 757 735 815 aliam
764 774 883 814 causam
910 756 941 813 ni
962 755 1053 814 fallor
1072 771 1160 830 qnam
1183 753 1262 830 quod
1283 753 1404 813 labente
1428 759 1534 817 aetra

201 859 267 916 Afri
295 859 429 917 homines
460 858 598 936 permulti
630 859 660 916 in
688 858 806 917 Italiam
835 858 1114 936 commigraverunt.
1162 853 1221 915 Sed
1253 856 1289 915 de
1319 855 1368 914 his
1397 853 1534 914 viderint

201 961 310 1037 quibus
331 960 432 1019 datum
458 961 515 1018 erit
539 961 580 1018 uti
608 960 742 1037 syllegae
764 968 885 1019 nostrae
905 959 1052 1018 indicibus
1074 958 1197 1029 futuris3
1226 958 1379 1017 nossetis
1402 955 1535 1016 habebi·

202 1081 267 1121 mus
289 1081 378 1120 unum
402 1080 508 1121 nomen
535 1062 641 1121 afferre
666 1070 815 1140 repertum
841 1063 872 1119 in
897 1062 1010 1121 lamina
1032 1061 1174 1119 Arretina
1195 1059 1289 1137 (edidi
1309 1059 1430 1119 samin
1453 1056 1534 1118 Her·

202 1184 268 1224 mae
289 1163 383 1223 vol.4
406 1183 434 1239 p.
451 1163 525 1240 282)
553 1163 711 1224 Sallustius
734 1164 896 1240 [Ven]cries
917 1167 976 1222 siue
999 1162 1196 1239 Ven[s]rr‘oses‚
1223 1165 1363 1241 qnoniam
1388 1159 1461 1220 inda
1485 1159 1546 1243 in·-

202 1266 354 1342 tellegitur
379 1267 435 1324 hoc
459 1268 610 1325 nominum
636 1284 730 1343 genus
756 1266 836 1342 apud
861 1266 957 1329 Italos
982 1265 1132 1342 peregrini
1159 1263 1299 1341 quiddam
1329 1262 1473 1322 habuisse
1502 1270 1537 1320 et

201 1369 331 1426 fortasse
352 1385 407 1443 pro
430 1369 523 1446 signis
545 1388 582 1428 ea
603 1369 698 1446 magis
721 1368 762 1427 ibi
785 1367 877 1426 luisse
898 1386 987 1443 quam
1009 1385 1065 1442 pro
1086 1367 1229 1445 legitimis
1251 1364 1490 1442 cognominibus.

285 1470 321 1528 ln
332 1470 436 1528 Africa
447 1470 536 1546 igitur
546 1489 604 1528 non
618 1471 714 1528 solum
727 1489 746 1527 a
757 1469 981 1546 cognominibus
993 1469 1120 1540 usitatis,
1132 1479 1165 1526 ut
1176 1475 1245 1527 sunt
1255 1466 1355 1541 Felix,
1367 1465 1535 1538 Maximus,

204 1572 339 1645 Primus,
362 1572 526 1644 Proculus,
547 1571 703 1644 Urbanus,
726 1573 781 1631 sed
801 1572 870 1630 item
894 1591 909 1629 a
933 1571 1194 1649 praenominibus,
1216 1579 1251 1629 ut
1271 1577 1342 1630 aunt
1362 1566 1478 1628 Lucius
1502 1576 1537 1627 et

206 1672 344 1748 Quintus,
368 1675 596 1751 gentilieiisque,
618 1682 650 1732 ιιι
672 1683 742 1733 sunt
762 1673 868 1745 Iulius,
890 1673 1030 1746 Marcius,
1045 1673 1197 1746 Valerius,
1217 1674 1385 1733 formantur
1405 1670 1537 1730 nomina

204 1776 235 1835 in
256 1796 335 1836 -oaua
357 1787 387 1835 et
405 1796 479 1850 -oau,
505 1778 552 1835 oui
575 1775 775 1836 terminationi
797 1794 857 1835 non
878 1795 944 1837 eam
966 1777 1024 1841 vim
1047 1775 1233 1835 tribuendam
1255 1792 1332 1846 esse,
1358 1793 1448 1852 quam
1470 1792 1537 1832 me·

205 1878 279 1936 liure
301 1886 398 1938 aetate
420 1879 449 1936 in
473 1878 627 1937 adiectivis
649 1879 776 1949 obtinet,
800 1877 852 1938 sed
873 1878 1103 1955 hypocoristiois
1125 1878 1225 1954 potius
1247 1897 1311 1936 eam
1335 1876 1537 1936 adnumeran-

206 1981 274 2039 dam
306 1981 375 2039 iude
408 1980 567 2058 colligitur,
600 1980 680 2057 quod
707 1980 863 2039 mulierum
896 1981 939 2038 ita
970 1980 1225 2040 denominatarum
1257 1997 1397 2039 numerus
1425 1987 1537 2054 quater

206 2089 306 2142 tantus
339 2091 385 2141 est
417 2102 506 2160 quam
537 2083 680 2142 virorum.
727 2083 774 2141 lla
799 2090 899 2142 autem
927 2082 1094 2143 terminatio
1124 2090 1156 2141 ut
1187 2090 1275 2141 extra
1299 2081 1435 2140 Africam
1464 2098 1539 2138 rara

207 2194 263 2257 est,
296 2186 339 2243 ita
371 2204 407 2243 ue
440 2186 478 2242 ad
510 2185 587 2244 banc
618 2184 737 2261 quidem
772 2185 940 2244 universam
972 2185 1121 2261 pervenit3
1158 2204 1226 2243 narn
1259 2185 1290 2242 in
1322 2183 1461 2262 partibus
1494 2180 1539 2239 ad

208 2288 351 2346 orientem
378 2305 500 2364 perraro
525 2287 674 2346 invenitur
700 2287 827 2363 (scilicet
847 2287 878 2346 in
901 2287 1005 2347 Africa
1030 2287 1236 2363 proconsulari
1259 2305 1326 2345 cum
1341 2285 1539 2363 Tripolitana

208 2399 238 2447 et
258 2389 417 2467 Byzacena
442 2390 601 2465 quinquies
631 2388 727 2447 solnm
750 2409 778 2448 ιι.
798 2390 867 2448 165.
894 2390 964 2449 581.
990 2389 1060 2448 917.
1090 2390 1178 2448 1534.
1208 2388 1336 2464 10572),
1362 2388 1539 2463 frequenter

208 2491 295 2549 adest
314 2493 345 2550 in
367 2490 511 2548 Numidia
532 2500 562 2549 et
582 2495 670 2549 etiam
693 2491 788 2568 magis
809 2492 841 2549 in
862 2491 1048 2551 Mauretania
1063 2489 1264 2550 Caesariensi.
1297 2489 1458 2565 Temporis
1481 2507 1538 2548 no·

208 2603 269 2652 tarn
292 2613 358 2652 cum
381 2613 419 2651 ex
434 2592 528 2651 titulis
551 2612 641 2668 supra
661 2593 763 2651 relatis
784 2593 953 2652 tenuiorum
975 2594 1035 2652 iere
1058 2603 1087 2653 et
1101 2593 1282 2671 plebeiorum
1298 2593 1452 2650 hominum
1467 2610 1538 2667 per·

209 2695 294 2771 pauci
317 2695 459 2766 habeant,
486 2695 686 2771 antiquissimi
708 2712 784 2770 quos
807 2694 915 2754 offendi
938 2705 1008 2755 sunt
1029 2696 1193 2754 Aurienses
1216 2697 1276 2755 duo
1298 2714 1326 2754 n.
1344 2694 1434 2754 9014.
1452 2692 1538 2752 9065

209 2816 355 2856 annorum
377 2795 437 2855 224
460 2806 489 2855 et
504 2796 574 2868 225,
596 2797 819 2856 recentissimus
839 2797 1043 2889 Pomaricns'p
1064 2817 1093 2855 n.
1110 2797 1190 2857 9926
1214 2797 1378 2868 assisto,
1400 2794 1541 2853 credide-

208 2901 323 2976 rirnque
349 2900 427 2958 iutra
451 2899 507 2958 hos
529 2901 590 2957 fere
612 2900 754 2958 terminos
777 2900 909 2977 reliquos
932 2919 1049 2976 quoque
1071 2899 1295 2977 comprehendi,
1318 2906 1396 2956 certe
1418 2897 1540 2954 nullum

210 3003 324 3071 inveni,
346 3020 433 3077 quem
455 3002 608 3078 probabile
631 3004 669 3060 sit
691 3009 759 3060 ante
781 3004 899 3061 tertium
923 3004 1072 3061 saeculum
1095 3012 1249 3061 exaratum
1273 3019 1348 3060 esse.

294 3102 483 3182 Cognomina
508 3104 662 3162 mulierum
690 3105 719 3161 in
742 3108 810 3163 -ittu
840 3106 980 3165 exeuntia
1007 3105 1192 3180 collegerunt
1216 3104 1287 3162 olim
1311 3102 1382 3162 Otto
1404 3101 1482 3158 Iahn
1505 3101 1539 3159 in

211 3206 340 3264 Hermae
362 3206 452 3264 vol.3
472 3205 582 3281 (1869)
601 3226 628 3281 p.
645 3206 713 3276 170,
734 3226 827 3281 nuper
845 3208 992 3282 Iosephus
1013 3206 1103 3267 Klein
1124 3208 1153 3264 in
1174 3223 1250 3263 mus.
1267 3204 1401 3264 Rhenani
1423 3203 1483 3259 vol.
1496 3204 1537 3260 31

212 3307 322 3384 (1876)
345 3327 373 3383 p.
391 3308 459 3367 297.
494 3307 552 3368 Sed
576 3316 608 3365 ut
621 3309 672 3365 ille
695 3327 754 3366 non
777 3309 896 3367 omnino
919 3309 978 3368 sibi
993 3309 1073 3368 cavit
1093 3309 1130 3366 ab
1146 3308 1262 3379 alienis,
1284 3307 1327 3366 ita
1340 3307 1388 3365 hic
1403 3305 1440 3363 iis
1459 3323 1540 3381 quae

212 3411 380 3485 composuit
402 3411 606 3485 quaestionem
629 3420 766 3468 nontam
790 3410 949 3470 elucidavit
968 3431 1057 3487 quarn
1072 3410 1250 3469 obscuravit.
1283 3409 1361 3467 Nam
1384 3427 1450 3466 cum
1467 3424 1541 3483 aga·

212 3523 260 3570 tur
282 3512 316 3568 de
338 3512 455 3589 linguae
471 3512 595 3570 Latinae
618 3513 766 3570 nominum
790 3513 1011 3571 formandorum
1033 3512 1259 3582 consuetudine,
1281 3511 1408 3587 primum
1430 3508 1539 3585 procul

212 3613 349 3672 habenda
376 3624 445 3672 sunt
470 3623 529 3672 tam
556 3613 687 3679 Graeca,
718 3623 750 3672 ut
775 3613 871 3673 Curlte
889 3615 950 3686 Ill,
974 3613 1053 3674 2163
1081 3633 1136 3691 pro
1166 3614 1280 3673 Charite
1306 3612 1405 3687 est1),
1436 3611 1539 3670 Cerito

212 3716 271 3774 vol.
284 3716 361 3775 Vlll
383 3736 410 3775 n.
428 3715 509 3774 3200
532 3736 586 3793 pro
604 3718 732 3787 Charite,
754 3735 843 3792 quam
865 3719 1000 3789 barbara,
1023 3726 1055 3776 ut
1074 3715 1195 3777 Urebail
1209 3715 1303 3782 Attea
1317 3717 1344 3789 s.
1367 3713 1447 3783 tituli
1464 3712 1540 3770 llis·

212 3819 312 3896 panici
334 3819 392 3876 vol.
410 3818 440 3877 ll
463 3841 491 3877 n.
507 3819 595 3890 1087,
618 3818 740 3878 Loueitu
757 3819 883 3879 Messori
897 3818 1001 3877 Norici
1024 3819 1083 3876 vol.
1099 3818 1147 3876 Ill
1163 3838 1191 3876 u.
1205 3817 1295 3889 5289,
1312 3816 1439 3874 martra
1463 3815 1539 3874 civis

212 3921 310 3979 Raeta
332 3922 389 3980 vol.
403 3920 464 3978 Vll
481 3942 508 3979 n.
525 3920 595 3992 972,
611 3920 725 3980 Lolitto
747 3921 824 3979 tituli
839 3921 1012 3999 Aquitanioi
1028 3918 1115 3979 Grut.
1129 3920 1198 3992 764,
1214 3915 1279 3995 1²).
1313 3918 1540 3979 Removendum

212 4023 283 4082 item
308 4024 429 4082 Frunr'tu
457 4032 558 4100 utpote
586 4022 703 4080 fruendi
729 4024 812 4081 verbi
842 4023 1031 4099 participium
1063 4023 1138 4082 miro
1169 4040 1268 4081 errore
1299 4041 1317 4079 a
1341 4019 1465 4078 Kleinio
1497 4019 1541 4089 ita

214 4125 412 4197 emendatum,
434 4133 466 4183 ut
479 4127 563 4184 fieret
578 4125 721 4183 Fruuitta.
757 4125 950 4185 Removenda
971 4125 1083 4202 pariter
1097 4124 1205 4184 Bonita
1227 4133 1257 4183 et
1279 4123 1412 4180 Montila
1433 4129 1540 4198 utpote

214 4247 283 4286 vere
305 4229 335 4285 in
358 4232 412 4287 -lta
434 4228 584 4300 exeuntia,
606 4246 664 4287 uon
688 4239 718 4286 tn
742 4226 854 4303 -itta³).
887 4227 1078 4288 Removcnda
1099 4226 1258 4303 gentilicia,
1280 4234 1313 4285 ut
1327 4224 1489 4285 sauciatas
1511 4232 1541 4280 st

293 4420 315 4482 ¹)
342 4422 382 4472 Gi.
400 4420 520 4473 Claritae
539 4426 614 4473 tertio
633 4439 693 4473 casu
713 4423 763 4472 vol.
776 4424 800 4472 V
819 4439 844 4472 n.
861 4423 940 4473 3831.

291 4511 316 4576 ²)
342 4516 397 4578 llis,
419 4532 484 4581 qnae
503 4517 588 4566 attulit
597 4518 722 4576 Kleiniua
742 4515 837 4565 similia
850 4515 972 4564 vocabula
986 4523 1038 4566 tam
1051 4516 1164 4564 virorum
1185 4529 1261 4578 quam
1274 4513 1409 4563 mulierum
1423 4512 1542 4561 finientis

216 4605 242 4654 in
267 4607 328 4656 -sltu
353 4608 393 4657 vel
419 4609 469 4657 -ito
498 4609 572 4672 plura
593 4610 766 4668 innotuerunt,
788 4619 816 4657 ut
835 4609 948 4657 virorum
968 4607 1046 4668 Atito,
1067 4607 1147 4655 Atitto
1167 4633 1201 4642 —
1223 4604 1290 4666 Bito,
1310 4603 1379 4654 Billa
1400 4632 1433 4640 -
1456 4602 1541 4665 Bruto,

216 4696 299 4747 Britto
320 4728 353 4736 -
377 4697 443 4749 Gltto
463 4727 496 4735 —
520 4697 585 4749 Clito
605 4725 638 4735 —
659 4698 709 4749 luo
729 4725 762 4735 —
778 4697 906 4766 Musquito
926 4727 959 4737 -
981 4697 1080 4760 stricto,
1100 4701 1235 4749 mulierum
1253 4694 1315 4746 Dite
1336 4724 1368 4733 —
1390 4693 1492 4745 Mellito
1507 4721 1541 4730 —

222 4788 288 4839 Tuto
308 4793 334 4840 in
354 4793 480 4842 indicibus
500 4792 594 4841 nostris
613 4793 780 4856 reperientur.
818 4793 914 4841 Eadem
939 4792 1000 4841 alibi
1025 4792 1131 4840 redeunt
1154 4792 1266 4840 formata
1289 4791 1315 4838 in
1335 4789 1407 4837 -ittus
1425 4797 1451 4837 et
1472 4789 1542 4849 -s'tus,

217 4891 245 4931 ut
269 4885 336 4933 inter
360 4886 410 4934 alia
435 4886 553 4949 leguntur
573 4881 645 4932 Bitus
664 4891 690 4933 et
707 4882 774 4944 Bito,
801 4881 900 4933 Brittua
919 4893 944 4932 et
962 4882 1054 4946 Britto,
1084 4882 1164 4932 Cittuc
1182 4892 1207 4932 et
1229 4880 1301 4942 tttto,
1327 4878 1405 4930 Ditus
1424 4889 1450 4930 et
1470 4880 1542 4942 Dite,

218 4973 361 5042 Musqur'tus
380 4984 405 5025 ut
423 4975 562 5042 Mospur'to.
601 4977 643 5026 Ab
664 4977 712 5026 bac
731 4984 817 5026 tamen
837 4977 1014 5043 disquisitione
1033 4978 1119 5027 aliena
1137 4983 1197 5025 sunt
1214 4983 1301 5041 utpote
1320 4990 1371 5024 uon
1392 4974 1496 5023 Latina.

294 5066 318 5131 3)
343 5065 459 5118 Nonnita
482 5078 521 5119 est
545 5077 570 5118 et
593 5069 620 5118 in
646 5069 725 5118 titulis
744 5085 761 5118 a
779 5070 883 5119 Kleinio
911 5069 995 5119 citatis
1019 5069 1138 5130 omnibns
1166 5076 1192 5117 et
1211 5068 1296 5116 vol.V
1316 5067 1433 5116 ιι.1691.
1456 5063 1542 5128 6252,

218 5157 312 5210 Bonita
337 5161 364 5209 in
383 5162 461 5212 titulis
479 5161 625 5214 Kleinianis
648 5162 760 5225 duobus,
785 5177 841 5212 cnm
866 5163 892 5211 in
915 5162 991 5211 tertio
1011 5161 1097 5224 (vm,
1112 5162 1194 5225 2906)
1219 5161 1251 5211 sit
1271 5157 1382 5211 Bonittu.
1421 5157 1545 5211 sonans
