3494 5812
713 507 987 558 ADDITAMEN'I'A
1014 509 1096 559 VOL.
1117 507 1159 557 111

639 810 674 868 Iu
696 810 853 887 pyramide
875 809 912 867 ad
935 807 1012 868 Gize
1034 808 1077 886 (p.
1095 810 1123 867 8.
1140 808 1224 883 967).
1291 887 1294 894 Ι

265 996 309 1057 35
340 998 379 1055 ad
401 1019 429 1056 u.
447 997 483 1054 21
509 997 561 1072 (cf.
577 997 637 1055 vol.
654 995 702 1053 Ill
723 1016 751 1072 p.
769 995 853 1070 967).
890 994 926 1052 L.
943 994 1157 1052 Friedlaeuder
1180 993 1257 1051 dixit
1279 994 1315 1052 de
1338 996 1394 1052 hoc
1416 994 1505 1052 titulo
1528 1013 1594 1052 cum

305 1102 336 1158 iu
358 1108 579 1176 programmate
601 1098 840 1175 Regiomontano
863 1117 889 1155 a
909 1096 987 1155 1869
1011 1105 1071 1155 tum
1095 1098 1124 1154 in
1148 1097 1224 1154 libro
1245 1094 1494 1171 Sitteoqeachichte
1508 1097 1594 1154 Roma

306 1201 349 1274 2³,
366 1200 435 1259 257.
471 1198 559 1273 Quod
581 1201 623 1258 ibi
645 1200 746 1258 attulit
764 1200 969 1277 apographum
986 1216 1022 1255 ex
1039 1199 1191 1256 itinerario
1206 1197 1318 1256 Felicis
1335 1197 1427 1255 Fabri
1442 1196 1595 1256 Ulmensis

306 1303 419 1379 scripto
441 1303 518 1360 inter
541 1300 665 1359 a.1480
687 1312 717 1360 et
741 1301 830 1372 1483,
856 1300 886 1357 id
910 1319 1014 1358 vereor
1036 1319 1072 1358 ue
1096 1298 1182 1356 Felix
1205 1300 1369 1384 sumpserit
1390 1319 1427 1356 ex
1450 1298 1596 1357 similibus

305 1404 538 1480 antiquioribus3
566 1423 633 1462 uam
659 1402 796 1462 miraculi
822 1403 918 1461 instar
939 1401 1017 1459 foret
1038 1403 1201 1459 monachos
1223 1402 1393 1478 complures
1417 1420 1507 1459 unam
1528 1420 1594 1458 eam

305 1507 530 1585 inscriptionem
549 1505 688 1581 elegisse,
710 1523 798 1580 qnam
821 1524 860 1563 ex
878 1504 944 1582 ipso
961 1521 1038 1562 saxo
1054 1510 1218 1575 enotareut,
1241 1522 1296 1561 uec
1310 1504 1453 1562 lectiones
1469 1503 1595 1562 multum

305 1608 448 1666 differunt
476 1607 504 1680 (l
531 1622 699 1664 eruamurs
726 1640 763 1648 —
798 1607 815 1664 3
844 1584 1016 1665 memorium
1038 1637 1076 1646 -
1111 1606 1129 1661 4
1156 1621 1313 1663 crurium
1336 1639 1374 1649 -
1401 1621 1533 1664 arsamis
1555 1637 1593 1647 -

306 1712 489 1768 drausione
511 1741 552 1750 -
582 1707 600 1765 6
628 1707 744 1784 rursu).
788 1706 848 1767 Sed
874 1709 950 1766 bene
975 1707 1089 1764 monuit
1113 1707 1159 1765 vir
1185 1706 1289 1765 doctus
1315 1706 1396 1783 apud
1422 1706 1594 1765 Friedlaen-

306 1811 408 1869 derum
432 1831 459 1868 v.
477 1797 494 1867 3
518 1826 696 1887 expressum
718 1826 785 1866 esse
808 1808 845 1866 ad
865 1808 1063 1867 Horatianum
1084 1827 1174 1866 carm.
1196 1808 1361 1880 3,11,50:
1383 1813 1475 1867 noemi
1495 1828 1595 1868 memo·

305 1932 363 1971 rem
384 1913 515 1987 sepulcro
538 1912 634 1987 sculpe
655 1909 823 1986 querellam,
852 1911 959 1968 deinde
982 1910 1230 1968 Friedlaenderus
1256 1911 1320 1988 ipse
1346 1929 1405 1969 non
1428 1910 1594 1969 sollicitau-

306 2014 376 2072 dum
403 2014 498 2072 fuisse
523 2033 551 2070 v.
574 2014 591 2072 6
619 2015 742 2072 censoria
770 2012 964 2082 vocabulum,
992 2012 1133 2086 quoniam
1159 2011 1320 2071 Terentius
1347 2009 1529 2083 Gentianus,
1556 2012 1593 2072 ad

306 2134 392 2192 quem
420 2117 450 2174 in
472 2115 551 2173 Add.
574 2115 594 2173 1.
614 2133 639 2171 c.
667 2113 785 2171 titulum
812 2115 965 2184 revocavi,
992 2114 1022 2171 iu
1049 2113 1137 2171 titulo
1160 2131 1216 2172 auo
1238 2115 1309 2172 item
1331 2114 1500 2190 appellatur
1522 2132 1593 2173 cena.

304 2221 432 2294 provinc.
462 2217 576 2275 Maced.
605 2214 815 2274 Friedlaeuder
842 2234 869 2272 v.
891 2215 988 2291 4seq.
1016 2215 1060 2273 sic
1087 2215 1256 2273 constitnit:
1285 2219 1339 2273 scit
1363 2235 1461 2274 nomen
1482 2217 1596 2276 Decimi

310 2319 443 2378 Gmtiani
464 2321 595 2394 pyramis
618 2317 680 2375 alta
697 2319 842 2393 pontificia
865 2320 1028 2393 comitiaque
1050 2320 1122 2388 tuis,
1145 2317 1283 2387 Traiane,
1312 2319 1475 2392 triumphis,
1503 2318 1595 2377 lustra

306 2439 356 2478 aaa
381 2424 460 2478 intra
486 2423 610 2478 censoria
636 2418 774 2489 conculta,
801 2437 868 2477 esee.
914 2420 988 2477 Mihi
1015 2420 1110 2495 magis
1132 2418 1232 2496 placet
1252 2417 1379 2475 retinere
1401 2421 1483 2494 quod
1504 2420 1595 2479 tradi·

308 2531 367 2579 tum
391 2530 437 2579 est
459 2525 496 2579 ait
515 2539 613 2579 nomen
705 2522 856 2596 pyramide
878 2520 952 2591 alta3
975 2521 1005 2578 iu
1028 2539 1087 2579 erae
1109 2519 1238 2579 fortasse
1260 2520 1334 2578 latet
1355 2539 1422 2579 eece.

690 3033 1040 3097 munaconrours
1064 3037 1106 3114 (p.
1123 3037 1166 3112 s).

265 3220 311 3281 36
338 3223 375 3280 ad
397 3242 426 3280 n.
449 3221 498 3281 22.
542 3222 679 3280 Eundem
700 3221 821 3279 titulum
843 3242 937 3300 nuper
959 3223 1118 3299 descripsit
1139 3225 1176 3283 A.
1194 3221 1228 3282 C.
1244 3221 1352 3281 Harris
1375 3220 1408 3298 (i
1429 3223 1532 3299 1869),
1555 3244 1602 3300 ει,

306 3325 393 3383 cuius
426 3324 543 3383 schedis
576 3325 614 3382 ab
642 3324 833 3382 Iliseulohrio
865 3325 922 3383 sibi
950 3324 1069 3383 traditis
1099 3325 1232 3383 enotavit
1260 3325 1331 3382 mihi
1360 3324 1591 3402 Zangemeister.

304 3424 404 3483 Locus
432 3427 476 3484 sic
497 3426 660 3484 indicatur:
693 3427 816 3485 convent
837 3427 871 3499 os
888 3426 991 3482 Maria
1012 3426 1108 3484 Borrae
1127 3426 1231 3483 behind
1249 3426 1454 3485 er'mhamed
1475 3428 1592 3486 between

304 3526 458 3600 Manfalut
478 3529 538 3584 arrd
559 3525 643 3585 Siout
663 3526 740 3584 East
761 3526 846 3584 bank.
895 3526 1005 3585 Differt
1026 3527 1195 3603 exemplum
1218 3545 1237 3584 a
1257 3545 1325 3585 meo
1347 3528 1377 3586 in
1399 3527 1459 3586 his:
1483 3526 1500 3585 2
1524 3545 1592 3588 cas·

305 3640 361 3684 saa
377 3657 384 3671 ·
401 3643 490 3685 catus
518 3627 564 3702 (ut
589 3628 725 3703 reposui)
750 3662 787 3670 —
817 3629 834 3686 3
856 3635 889 3684 ῑῐῐ
908 3642 923 3683 r
945 3644 961 3684 r
984 3627 1031 3703 (ut
1052 3628 1187 3705 reposui)
1210 3661 1251 3672 -
1278 3628 1296 3687 8
1320 3645 1532 3688 raovrururra
1552 3644 1590 3687 s·

304 3744 362 3786 vua
383 3743 524 3787 narreris
546 3727 606 3805 (m)
629 3744 807 3789 sxsravcra
828 3743 1077 3789 oraremuavnr.

849 4647 1005 4724 SYRIA.
1109 4646 1115 4656 '

568 4877 809 4939 annocum
832 4880 893 4938 An
916 4879 1125 4940 oaonruu
1147 4884 1190 4960 (p.
1207 4882 1291 4957 973).

265 5062 311 5123 ³7
334 5064 372 5121 ad
387 5081 415 5120 n.
425 5063 515 5123 6046.
527 5064 617 5122 6047.
644 5065 774 5123 Adollus
787 5066 941 5125 Michaelis
956 5066 1062 5126 iisdem
1078 5069 1195 5127 schedis
1212 5069 1308 5127 denno
1323 5069 1466 5144 inspectis
1479 5071 1593 5130 monuit

305 5165 409 5223 titulos
432 5173 574 5242 exceptos
597 5183 664 5225 esse
686 5165 798 5243 Aleppi
819 5187 913 5244 prope
934 5178 1052 5245 portam
1074 5170 1175 5246 oppidi
1197 5189 1257 5247 qua
1278 5172 1337 5229 itur
1360 5171 1560 5232 Antiochiam.
