3474 5812
482 457 779 511 osssnvsmonss
804 458 1089 511 srronsrnrosn.
1374 442 1446 514 531

125 563 338 572 ——-—-.-...—-
351 564 356 570 v

204 635 355 694 Immunes
377 633 470 693 habes
492 650 584 710 supra
609 634 772 693 recensitos
793 652 823 710 p.
840 632 898 691 409
912 652 975 711 seq.
1011 633 1101 710 Quod
1122 634 1250 694 sdicitur
1271 636 1448 695 vocabulum

121 736 254 814 explicet
276 735 460 795 Tarrutenus
479 735 627 795 Paternus
649 737 680 795 in
701 735 778 796 libro
802 736 839 795 de
859 755 892 794 re
913 736 1033 796 militari
1053 736 1138 814 (Dig.
1151 737 1201 809 50,
1218 737 1246 808 6,
1260 736 1292 813 7)
1312 738 1388 796 inter
1402 759 1448 797 re·

122 839 223 915 liquos
246 839 391 898 immunes
418 856 577 898 recensens
598 849 754 899 senatores.
791 839 866 899 Eius
888 839 947 897 loci
968 839 1092 898 militem
1115 839 1211 898 adhuc
1232 838 1312 898 tituli
1334 840 1447 899 nullom

120 941 277 1012 dederont,
309 953 342 1000 ut
366 941 440 1000 adeo
467 941 581 1019 primus
609 941 658 1000 hic
684 941 724 1000 sit
750 941 801 1018 qui
827 940 866 1000 ad
886 942 1027 1000 Immuuis
1048 941 1222 1001 vocabulam
1250 941 1447 1001 immunitatis

120 1061 241 1102 causam
268 1043 432 1115 adscribam
465 1043 519 1102 sed
541 1062 607 1102 cum
628 1043 708 1120 legio
730 1043 885 1120 pecuarios
908 1060 978 1102 snos
1004 1043 1126 1117 habeat,
1149 1050 1306 1103 venatores
1329 1062 1447 1122 quoquc

120 1155 199 1204 recte
225 1146 252 1205 ei
279 1146 474 1218 conveniunt,
502 1146 633 1205 maxime
660 1144 864 1222 praesidiariis
894 1146 1063 1205 constitutis
1089 1146 1121 1204 in
1143 1145 1237 1205 deviis
1259 1146 1396 1222 partibus
1418 1157 1448 1205 et

120 1248 269 1307 venationi
291 1248 356 1306 sinc
379 1248 468 1307 dubio
491 1248 579 1325 aptis.

204 1348 372 1427 Sequuntur
400 1350 537 1428 gregales
567 1349 656 1408 solito
683 1366 764 1408 more
793 1348 932 1426 dispositi
962 1350 1123 1409 secuudum
1151 1351 1301 1423 cohortes,
1332 1351 1446 1423 electis,

118 1451 207 1511 modo
234 1452 335 1511 omnis
360 1465 437 1512 recte
459 1463 489 1510 et
509 1453 596 1528 plene
618 1452 728 1510 tradita
749 1452 821 1524 sint,
849 1473 887 1511 ex
915 1453 1089 1512 cohortibus
1110 1452 1327 1511 1.11.111.1v
1349 1454 1445 1512 homi·

119 1555 206 1613 nibus
229 1573 247 1611 a
270 1555 367 1630 quinis
390 1555 427 1613 ad
450 1573 558 1625 nonos,
588 1572 626 1611 ex
649 1555 752 1629 quinta
773 1555 945 1614 hominibus
968 1554 1136 1627 XXXVII,
1164 1555 1355 1632 exquirique
1377 1557 1445 1613 reli-

117 1657 186 1732 quis
208 1657 309 1715 nullis.
338 1655 379 1716 Hi
401 1657 515 1715 numeri
537 1665 665 1732 possunt
687 1674 758 1715 sane
780 1674 851 1715 casu
872 1657 916 1716 ita
934 1657 1128 1734 processisse,
1150 1676 1216 1716 oum
1237 1659 1268 1716 in
1284 1659 1445 1734 praesidiis

117 1758 333 1818 constituendis
356 1759 522 1835 aequabilis
544 1759 621 1817 inter
636 1759 772 1817 cohortes
795 1758 964 1818 distributio
988 1760 1109 1818 minIme
1131 1759 1308 1836 requiratur.
1335 1760 1444 1819 Viden·

118 1861 187 1939 dum
210 1871 317 1932 tamen,
339 1880 409 1919 num
424 1861 576 1937 praesidia
598 1880 636 1919 ex
655 1860 771 1938 legione
792 1862 835 1919 ita
856 1861 1018 1920 constituta
1040 1861 1110 1933 sint,
1134 1869 1164 1920 ut
1187 1862 1311 1921 alteram
1327 1872 1443 1939 partem

116 1966 254 2023 cohortes
276 1963 408 2040 quinque
430 1963 545 2040 priores
568 1963 682 2035 darent,
704 1963 828 2021 alteram
843 1963 1037 2040 posteriores,
1060 1964 1200 2039 quoniam
1223 1964 1312 2022 etiam
1334 1965 1365 2023 in
1380 1964 1443 2024 No-

117 2066 183 2125 titia
206 2065 392 2144 Dignitatem
414 2066 578 2125 occidentis
599 2066 631 2125 in
653 2064 769 2142 legione
790 2065 1012 2142 distinguuntur
1028 2069 1172 2143 praesceti
1193 2066 1322 2142 lepionis,
1344 2069 1443 2126 color·

116 2171 186 2226 tium
207 2172 346 2245 quinque,
368 2171 464 2245 partis
490 2167 550 2244 (vel
571 2167 742 2244 pedaturae)
770 2171 926 2244 superioris
953 2176 982 2227 et
1000 2172 1098 2245 partis
1125 2166 1186 2243 (vel
1204 2170 1378 2247 pedaturas)
1399 2173 1443 2226 ἰη-

108 2271 230 2345 seriens
241 2270 280 2346 ¹).

197 2373 316 2449 Agmen
338 2372 481 2432 claudunt
505 2373 620 2449 equites
646 2372 786 2450 legionis,
813 2392 918 2450 nempe
946 2373 1064 2431 decurio
1086 2379 1116 2430 et
1138 2390 1229 2448 eques
1258 2391 1350 2444 unus;
1378 2373 1441 2449 plu·

115 2492 164 2534 res
187 2474 263 2532 enim
292 2476 322 2532 in
348 2475 498 2552 praesidio
525 2496 584 2535 non
610 2476 739 2535 fuerunt.
779 2474 845 2534 Nec
866 2476 971 2533 mirum
994 2475 1039 2548 id,
1066 2494 1130 2533 cum
1153 2474 1302 2552 praefecto
1324 2475 1441 2534 cuidem

115 2598 204 2636 manu
223 2577 344 2638 militari
359 2577 502 2655 indigenti
518 2578 579 2636 dati
594 2596 662 2636 esse
676 2578 861 2654 reperiantur
875 2577 1057 2639 beneficiarii
1073 2577 1182 2647 decern,
1201 2577 1316 2654 equites
1331 2578 1390 2636 duo
1400 2576 1441 2652 ²).

113 2681 238 2757 Equites
261 2681 417 2759 legionarii
440 2690 472 2739 ut
493 2681 557 2739 noti
579 2691 657 2752 sunt,
681 2681 723 2739 its
737 2681 789 2757 qui
804 2681 833 2738 in
848 2681 993 2739 laterculo
1015 2680 1183 2738 nominatur
1198 2681 1312 2738 decurio
1327 2699 1441 2752 eorum,

113 2783 226 2860 primus
253 2783 282 2839 ni
307 2782 397 2840 fallor
422 2783 486 2841 eius
512 2783 570 2841 loci
597 2792 642 2841 est
668 2783 718 2859 qui
746 2783 922 2841 innotescet.
967 2781 1111 2842 Similiter
1131 2782 1298 2840 vexillarius
1321 2799 1440 2858 quoque

114 2888 236 2960 equitum
264 2885 382 2959 leprosis
410 2884 506 2943 adhuc
531 2893 591 2943 stat
612 2905 670 2943 uuo
693 2885 781 2943 titulo
803 2885 945 2942 Africano
968 2883 1024 2942 vol.
1036 2881 1115 2941 VIII
1135 2904 1164 2941 n.
1183 2883 1281 2941 10629
1305 2882 1440 2941 addendo

114 3004 205 3062 supra
225 3006 253 3062 p.
271 2986 331 3044 356
353 2987 538 3064 compositis.
561 2984 711 3060 —Quod
734 2988 848 3063 equites
871 2994 1061 3045 recensentur
1083 2993 1169 3043 extra
1195 2986 1346 3057 cohortes,
1373 3005 1439 3044 cum

113 3087 247 3146 laterculi
270 3088 368 3147 adhuc
389 3089 467 3162 noti,
494 3089 623 3147 maxime
646 3089 764 3160 urbani,
792 3089 905 3163 equites
931 3089 1011 3146 intra
1032 3087 1169 3146 cohortes
1192 3096 1367 3147 recenseant
1388 3087 1439 3145 ad·

112 3190 265 3249 notatione
288 3189 444 3249 distinctos
467 3190 603 3248 similiter
624 3202 713 3267 atque
734 3191 927 3268 principales,
949 3189 1094 3249 rationem
1113 3190 1214 3261 habet3
1238 3208 1306 3248 narn
1329 3191 1359 3247 in
1381 3191 1439 3248 hoc

112 3311 237 3353 recensu
259 3293 348 3351 etiam
370 3291 550 3368 principales
572 3293 804 3370 praemittuntur
826 3312 864 3350 ex
887 3293 990 3351 ordine
1011 3292 1150 3367 exempti.

194 3393 326 3454 Nomina
347 3394 473 3453 militum
496 3413 562 3453 cum
584 3395 676 3454 solita
698 3396 757 3454 sint
778 3396 866 3454 huius
889 3395 1005 3467 aetatis,
1028 3413 1088 3453 non
1110 3394 1165 3452 obs
1187 3414 1219 3452 re
1241 3394 1438 3453 videturesse

110 3498 280 3570 observare,
296 3497 376 3573 qnod
391 3504 579 3555 recensentur
594 3498 664 3555 Iulii
677 3498 717 3570 X,
733 3495 853 3557 Claudii
863 3497 904 3566 II,
919 3497 1018 3556 Flavii
1030 3496 1087 3569 IX,
1104 3494 1246 3556 Cocceius
1259 3496 1285 3570 1,
1298 3496 1381 3573 Ulpii
1393 3497 1436 3567 11,

111 3600 190 3658 Aelii
208 3599 296 3670 VIII,
320 3598 436 3657 Aurelii
458 3599 566 3671 XVII,
591 3607 747 3677 praeterea
760 3598 874 3657 Valerii
896 3599 955 3670 XI,
983 3599 1110 3657 aliorum
1138 3599 1356 3675 gentiliciorum
1378 3600 1436 3658 XI.

110 3702 208 3760 Medio
224 3701 314 3778 igitur
335 3701 456 3759 saeculo
479 3701 610 3761 secundo
632 3701 753 3760 uomina
773 3701 966 3776 imperatorie
986 3710 1017 3758 et
1037 3710 1188 3760 castrense
1209 3703 1362 3778 antiquum
1375 3702 1435 3760 Va-

109 3804 214 3863 lerium
236 3805 352 3879 reliqua
373 3804 404 3862 in
426 3803 588 3881 provinciis
611 3815 690 3863 certe
711 3805 770 3863 iam
793 3804 853 3862 iere
876 3803 1060 3881 expulerant

232 4151 435 4247 XXXII.
493 4152 961 4248 PRINCIPALIVM
989 4149 1313 4248 RECENSVS

355 4291 705 4389 SECVNDVM
733 4290 1187 4388 PRAEPOSI'IOS.

192 4484 402 4545 commentarii
431 4483 592 4545 Canerisni
621 4486 658 4544 de
683 4487 899 4564 principalibus
929 4486 972 4564 (p.
990 4484 1177 4562 sos-481)
1206 4484 1432 4564 diligentissime

107 4589 252 4649 elaborati
274 4607 341 4646 cum
363 4587 519 4647 utilitatem
542 4606 578 4646 eo
599 4588 736 4666 impediri
758 4589 988 4659 intellexissem,
1011 4590 1092 4665 qnod
1113 4595 1215 4647 auctor
1236 4605 1295 4647 non
1317 4588 1433 4647 addidit

107 4710 262 4751 recensum
291 4691 453 4750 secundum
482 4692 669 4768 praepositos
698 4691 860 4766 digestum,
890 4691 1088 4769 supplementi
1116 4691 1183 4750 loco
1209 4691 1337 4749 indicem
1364 4709 1431 4750 enm

185 4878 207 4940 ¹)
232 4881 316 4930 Locos
335 4881 479 4944 composuit
497 4880 579 4932 Seeck
598 4881 625 4929 in
643 4879 727 4929 indice
747 4881 867 4931 editionis
887 4897 911 4945 p.
923 4882 984 4931 332.
1014 4880 1090 4942 Quod
1108 4896 1156 4946 pro
1176 4878 1311 4931 cohortium
1324 4880 1431 4946 quinque

106 4978 228 5036 perpetuo
248 4973 356 5022 traditur
374 4970 484 5022 cohortis
496 4973 605 5038 quintae,
625 4980 713 5022 natum
730 4974 881 5023 crediderim
901 4989 933 5023 ex
950 4973 1108 5038 compendiis
1127 4975 1194 5024 male
1213 4973 1312 5024 solutis.

182 5062 208 5126 ²)
232 5065 334 5116 Plinius
351 5065 385 5115 ad
398 5065 469 5115 Trai.
484 5066 532 5115 21:
551 5071 579 5114 ut
597 5071 724 5115 contentus
743 5072 805 5116 esset
825 5063 990 5133 beneficiarius
1003 5065 1091 5128 decem,
1111 5063 1234 5134 equitibus
1251 5062 1355 5128 duodus,
1375 5079 1428 5116 ces·

105 5157 202 5208 horione
219 5172 277 5208 uno.
