3474 5812
200 529 304 579 raa-75
731 523 829 574 Asin.
857 521 1010 572 ACHAIA.
1484 507 1530 574 41

198 695 348 773 inscripta
361 696 495 754 Eudoxio
516 699 612 754 comiti
632 701 674 754 rei
691 699 835 772 privatae.
853 730 891 739 —
914 696 964 753 Ad
979 696 1138 755 Passalam
1153 697 1234 772 quod
1249 697 1364 767 attinet,
1387 687 1535 753 {tricenna

201 788 365 855 Μυλασέων
386 791 501 856 ἐπίνειον
523 797 693 876 Stephanus
716 800 759 858 ait
780 817 805 858 s.
829 818 872 869 n.;
894 801 982 856 κεῖται
1004 791 1148 855 κατέναντι
1171 787 1284 875 [Ἰάσου
1307 798 1431 874 addunt]
1453 791 1535 855 nde-

201 907 285 956 crom
308 891 389 977 πηγή
397 899 450 977 (1),
472 889 556 957 ἔνθεν
583 890 657 957 ἐστὶν
682 892 828 971 ἀποβῆναι
856 899 895 958 ric
920 898 1049 959 Μύλασα
1075 895 1160 958 crud.
1187 890 1214 958 κ’
1241 902 1422 960 stadiasmus
1444 902 1534 960 maris

200 1003 305 1078 magni
327 1023 352 1061 c.
370 1000 443 1072 2913
467 1046 522 1061 ...
544 1007 576 1060 iu
600 1004 743 1063 Ceramico
766 1007 832 1061 sina
853 1047 884 1061 ..
907 1002 1035 1062 Passala
1057 1004 1174 1062 Plinius
1198 1004 1224 1061 h.
1243 1024 1270 1062 n.
1288 1005 1317 1075 5,
1333 1005 1385 1076 31,
1403 1004 1470 1062 134.

555 1363 742 1425 INSVLAE
768 1364 896 1426 ASIAE
921 1362 1186 1424 PROVINCIAE

619 1471 662 1548 (p.
681 1472 728 1530 84.
746 1470 816 1529 988.
839 1472 915 1549 Eph.
932 1472 964 1530 ΙΙ
987 1490 1015 1548 p.
1032 1470 1117 1545 294).

203 1607 278 1666 726
299 1608 338 1665 ad
360 1628 390 1665 n.
406 1609 476 1667 455.
521 1607 608 1667 Fasti
630 1609 811 1667 Amiternini
838 1610 888 1686 qui
914 1609 992 1668 infra
1018 1609 1143 1667 edentur
1170 1609 1336 1667 docuerunt
1356 1609 1395 1667 M.
1420 1608 1532 1667 Titium

246 1729 307 1768 non
330 1711 387 1780 M„
412 1710 466 1768 sed
486 1710 523 1768 L.
546 1711 566 1769 f.
589 1711 683 1770 fuisse
709 1711 810 1787 itaque
836 1713 993 1788 genuinam
1022 1711 1177 1770 lectionem
1202 1709 1398 1788 Cyriacanam
1421 1712 1533 1771 servari

246 1813 278 1870 in
301 1813 375 1871 solis
398 1814 549 1872 codicibus
572 1811 757 1872 Cenninicnn
780 1825 809 1871 et
831 1812 1050 1872 Vallicellicno.

485 2185 586 2243 VIAE
610 2184 821 2244 PVBLICAE
845 2185 971 2246 usian
993 2184 1253 2245 PROVINCIAE

621 2295 663 2371 (p.
681 2295 728 2353 87.
749 2295 818 2354 982.
843 2295 918 2371 Eph.
936 2296 967 2353 II
988 2316 1016 2373 p.
1035 2294 1119 2370 294).

207 2432 254 2490 ¹13
282 2433 320 2491 ad
347 2454 375 2490 n.
396 2433 465 2490 410.
508 2432 648 2492 Eiusdem
676 2433 879 2510 inscriptionis
906 2433 964 2491 duo
993 2433 1052 2491 alia
1077 2433 1215 2508 exempla
1241 2452 1335 2509 nuper
1361 2434 1535 2510 prodierunt

247 2535 280 2593 in
302 2537 350 2593 via
372 2555 391 2591 a
405 2533 532 2610 Smyrna
554 2535 592 2591 ad
608 2534 763 2594 Sebdikioi
783 2535 908 2594 ducente
931 2536 1057 2594 alterum
1079 2537 1176 2594 invia
1197 2536 1295 2593 media
1315 2535 1386 2606 iere,
1409 2537 1533 2594 alterum

247 2637 318 2696 inde
343 2638 419 2695 hora
441 2634 479 2718 1}
499 2637 528 2694 in
552 2637 728 2696 coemeterio
751 2637 878 2695 Turcico
902 2635 1040 2696 Gkiunar
1061 2638 1192 2709 tsamisi,
1220 2637 1299 2696 edita
1325 2657 1343 2695 a
1365 2636 1403 2697 G.
1423 2637 1533 2696 Earino

248 2742 378 2808 μουσεῖον
396 2728 444 2795 καὶ
457 2729 647 2808 βιβλιοθήκῃ
664 2739 717 2809 τῆς
733 2735 842 2815 εὗαγγ.
858 2742 974 2817 σχολῆς
995 2740 1067 2799 fasc.
1084 2740 1101 2797 2
1126 2738 1287 2815 (Smyrnae
1304 2740 1398 2815 1876)
1419 2758 1446 2815 p.
1463 2742 1487 2796 l.
1505 2738 1533 2798 2.

249 2842 340 2900 Prius
362 2851 479 2918 praeter
501 2843 618 2899 minora
645 2861 680 2900 eo
703 2843 816 2915 differt,
843 2844 922 2919 quod
949 2843 980 2900 in
1000 2842 1120 2901 Latinis
1142 2853 1211 2918 post
1233 2858 1284 2899 trun
1300 2871 1306 2884 ·
1323 2859 1370 2899 xtn
1393 2843 1534 2901 inseritur

248 2961 315 3016 6-6,
342 2952 446 3002 contra
472 2964 489 3001 a
520 2942 644 3003 Graecis
671 2961 770 3002 narn?
797 2960 940 3004 natanto}
968 2947 1052 3003 abest
1077 2953 1107 3003 et
1135 2944 1222 3001 datur
1252 2960 1451 3002 enarraturam
1479 2962 1533 3019 pro

249 3062 410 3105 renotatam.
444 3045 492 3104 Ex
519 3046 614 3104 altero
640 3066 754 3124 paucae
783 3055 896 3106 tantum
926 3049 1041 3106 litterae
1072 3056 1289 3118 remanserunt;
1313 3046 1361 3105 hic
1389 3047 1459 3105 item
1489 3053 1535 3103 est

248 3164 462 3206 enarraturam.

207 3341 257 3401 74
284 3341 323 3399 ad
348 3361 378 3398 n.
396 3341 485 3399 6095.
532 3343 672 3398 Μουσεῖον
693 3332 740 3399 ucri
762 3334 853 3408 Βιβλ.
876 3346 926 3415 τῆς
951 3341 1066 3420 Εὗαγγ.
1090 3352 1181 3420 eppei.
1210 3341 1394 3420 Smyrnae2
1423 3343 1534 3419 (1876)

247 3463 278 3520 p.
295 3441 343 3500 32.
388 3443 517 3502 Additur
538 3443 570 3501 in
591 3444 650 3503 fine
672 3443 807 3506 Graecae
829 3466 853 3505 m
875 3463 904 3517 rt,
928 3447 1037 3505 Latina
1059 3451 1101 3505 sic
1123 3446 1274 3504 scribitur:

684 3597 1005 3703 „iffi

741 3749 941 3794 CONSTANTIO
968 3753 1003 3793 ΕΤ

742 3853 858 3894 caten
890 3854 1004 3896 vater

742 3956 1004 3999 maximiano

689 4062 700 4098 5
743 4057 865 4099 nonin
889 4057 1004 4100 CAESS

733 4763 870 4825 nnuvs
893 4764 936 4841 (p.
953 4766 1015 4842 94).
1112 4818 1114 4824 ,

211 4901 255 4960 75
278 4902 317 4960 ad
340 4921 367 4958 n.
385 4901 455 4960 484.
471 4902 540 4961 485.
585 4903 699 4961 Extant
720 4903 817 4961 adhuc
837 4904 908 4961 Deli
931 4905 1068 4982 descripti
1092 4924 1186 4980 nuper
1207 4905 1244 4961 ab
1264 4903 1418 4962 Homoliio
1440 4903 1537 4977 (Ball.

252 5006 287 5062 dc
307 5022 384 5061 ccrr.
406 5003 595 5079 itcllc'uiqrtel
621 5025 650 5082 p.
666 5003 756 5081 228),
783 5005 867 5064 cuius
894 5007 1032 5082 exempla
1058 5006 1189 5065 nondum
1215 5007 1332 5083 publice
1354 5005 1536 5082 prodierunt.

252 5105 335 5164 Idem
365 5106 408 5163 ait
433 5105 454 5163 l.
475 5124 499 5164 c.
527 5115 556 5164 et
579 5105 595 5163 2
618 5125 647 5181 p.
664 5107 758 5184 9seq.
786 5107 846 5166 alia
865 5107 976 5168 Latina
1001 5107 1043 5164 ibi
1068 5109 1239 5169 maneriam
1266 5127 1313 5181 se,
1348 5110 1400 5167 sed
1422 5127 1457 5165 ea
1479 5126 1537 5165 non

250 5207 348 5285 magis
370 5207 469 5267 edidit.
