3474 5812
128 492 177 542 aaa
639 490 721 541 von.
738 490 778 540 11
799 489 906 541 rnna.
922 490 947 540 1.
1386 469 1459 541 317

212 660 419 720 Consideratis
442 661 600 736 diligenter
621 663 773 720 laterculis
799 663 921 721 urbanis
948 662 1128 743 ¹militaribus
1156 643 1221 720 cum
1248 663 1372 739 reliquis
1399 674 1463 723 tum

128 766 179 838 qui
208 784 303 840 nuper
330 764 441 840 prodiit
468 763 573 841 (supra
600 785 628 822 n.
650 765 739 840 887),
768 765 848 841 quod
876 766 972 822 adhuc
999 784 1059 824 non
1086 764 1276 841 exploratum
1304 776 1364 837 est,
1391 765 1463 842 quid

127 866 184 942 ipsi
209 866 388 936 1111111111
411 867 522 923 maiore
544 875 638 942 parte,
666 867 794 925 maxime
817 866 941 926 secundi
963 875 1033 942 post
1054 864 1208 926 Christum
1231 867 1353 940 saeculi,
1382 878 1463 926 certo

128 969 246 1026 ridetur
268 970 411 1046 cognosci
433 987 534 1044 posse.
578 968 612 1025 In
639 969 686 1026 his
715 970 792 1027 euim
820 988 885 1027 cum
911 969 1086 1046 plerumque
1109 969 1218 1028 milites
1241 970 1380 1046 dispositi
1404 972 1465 1028 sint

128 1089 182 1145 per
204 1072 355 1129 centurias
376 1071 571 1148 praescriptis
597 1072 627 1129 in
655 1090 714 1129 una
739 1090 859 1148 quaque
882 1072 1043 1129 eorundem
1066 1071 1203 1131 binorum
1226 1091 1370 1133 annorum
1393 1090 1464 1130 cou-
1553 1059 1555 1063 ¹

130 1172 293 1242 salutibus,
323 1191 448 1248 quorum
472 1175 622 1249 posterior
650 1175 779 1250 priorem
807 1175 935 1250 excipit,
963 1191 1087 1250 prorsus
1113 1173 1220 1232 similis
1242 1183 1288 1232 est
1309 1174 1413 1232 titulus
1435 1175 1465 1232 in

130 1275 229 1349 priore
251 1284 336 1350 parte
360 1276 420 1334 vol.
436 1275 480 1333 VI
502 1275 607 1333 11109
632 1277 814 1351 propositus,
837 1276 894 1333 nisi
917 1275 997 1352 quod
1019 1276 1067 1333 hic
1089 1284 1119 1332 et
1139 1277 1177 1334 ad
1193 1295 1282 1334 unam
1300 1277 1463 1334 centuriam

129 1378 258 1452 pertinet
288 1389 317 1434 et
348 1377 464 1453 integer
490 1387 551 1448 est,
580 1378 716 1436 laterculi
743 1387 842 1435 autem
874 1397 939 1436 cum
971 1377 1040 1436 aliis
1070 1379 1206 1455 partibus
1232 1379 1362 1436 mutilati
1395 1389 1465 1436 sunt

129 1488 190 1535 tum
218 1480 285 1553 ipsa
309 1480 408 1556 priore
437 1489 522 1556 parte
551 1480 713 1555 eademque
740 1480 891 1554 primaria.
945 1480 1002 1538 Ille
1028 1480 1133 1538 titulus
1161 1490 1220 1539 est:
1255 1479 1411 1538 Gallicano
1438 1489 1465 1537 11

136 1580 233 1638 Vetere
262 1601 318 1639 coc.
349 1581 390 1656 (a.
418 1599 453 1656 p„
472 1579 506 1640 C.
536 1582 609 1658 150)
641 1583 706 1642 VII
731 1583 772 1639 id.
800 1582 866 1640 Ion.
899 1580 1037 1658 coh(orte)
1065 1583 1089 1639 I
1111 1582 1289 1658 pr(oetorio‚
1323 1582 1465 1658 centurio)

131 1681 223 1740 Satri.
261 1684 351 1742 Genio
374 1683 544 1759 (centuriae)
567 1688 647 1742 missi
668 1687 785 1743 honesta
807 1687 940 1742 missione
962 1682 1115 1759 (tteptetn).·⁴
1130 1685 1237 1743 Hibero
1258 1703 1314 1744 coa.
1337 1684 1377 1759 (a.
1392 1682 1465 1759 133)

133 1783 185 1860 Sp.
212 1783 367 1843 Censorius
390 1786 488 1844 Iustus
512 1786 618 1844 Virum
642 1786 821 1863 [sequuntur
843 1795 985 1862 quattuor
1006 1785 1232 1861 1111111111),
1256 1785 1396 1845 Serviano
1414 1785 1469 1844 III

132 1906 188 1944 cos.
221 1887 260 1961 (a.
288 1888 360 1962 134)
390 1888 421 1945 Τ.
450 1888 563 1947 Annius
594 1889 745 1963 Crispinus
775 1888 871 1964 Cupra
899 1888 1087 1963 rnar(itirno),
1122 1889 1153 1946 Τ.
1180 1888 1324 1947 Antonius
1349 1887 1467 1946 Primus

131 1989 275 2046 Perintho.
331 1989 391 2048 Res
425 1990 516 2068 igitur
549 1992 605 2048 hoe
638 1991 725 2049 titulo
757 1992 902 2066 inscripta
935 1990 1072 2049 dedicata
1103 1998 1150 2048 est
1183 1989 1282 2050 Genio
1316 1990 1467 2049 centuriae

132 2089 212 2150 Satri
243 2110 261 2146 a
287 2073 432 2149 militibus
459 2093 548 2149 huius
581 2093 746 2165 centuriae,
778 2094 829 2169 qui
862 2093 990 2151 militare
1017 2101 1179 2169 coeperunt
1204 2093 1253 2151 vel
1280 2111 1307 2149 a.
1335 2092 1391 2149 133
1419 2090 1466 2149 vel

135 2193 203 2262 134,
230 2193 363 2250 dimissis
389 2193 516 2252 honesta
538 2194 681 2252 missione
700 2195 762 2252 VII
784 2195 824 2252 id.
848 2194 913 2253 Ian.
936 2215 963 2253 a.
986 2196 1055 2265 150,
1084 2195 1199 2254 11111111
1225 2202 1296 2269 post
1316 2193 1393 2252 XVI
1420 2192 1467 2250 tel

133 2295 223 2352 XVII
252 2296 402 2370 stipendia
428 2296 558 2354 emerita.
606 2295 833 2354 Laterculorum
863 2306 896 2354 ut
925 2298 1050 2356 formam
1081 2297 1124 2355 ita
1155 2303 1360 2373 argumentum
1388 2294 1466 2353 idem

133 2416 208 2469 esse,
237 2398 268 2454 id
295 2406 342 2455 est
369 2417 421 2456 eos
448 2399 560 2456 incisos
590 2398 684 2456 fuisse
708 2399 741 2457 in
764 2399 875 2456 tabulis
898 2399 1072 2457 marmoreis
1096 2398 1249 2457 aediculae
1273 2396 1363 2457 Genii
1385 2397 1467 2455 dedi·

133 2507 217 2556 11111
246 2519 264 2557 1
292 2499 437 2557 militibus
464 2501 591 2558 honesta
612 2501 756 2560 missione
779 2501 927 2571 dimissis,
955 2511 987 2559 ut
1013 2518 1067 2576 per
1093 2518 1126 2559 se
1153 2509 1387 2559 consentaneum
1410 2494 1466 2570 est,

132 2602 176 2658 ita
198 2603 337 2660 omnibus
359 2603 449 2659 rebus
472 2602 705 2661 commendatur.
742 2601 932 2662 Conveniunt
952 2604 1031 2661 enlm
1053 2621 1113 2661 non
1136 2603 1232 2662 solum
1254 2619 1396 2660 numerus
1413 2601 1467 2658 mi-

133 2703 217 2760 litum
242 2704 401 2779 officiaque
423 2704 584 2780 adscripta,
607 2706 736 2764 maxime
759 2716 961 2777 evocatorum,
988 2705 1150 2764 sedetiam
1174 2705 1254 2781 quod
1272 2704 1374 2763 docuit
1387 2703 1466 2761 Lan·

135 2806 212 2863 ciani
240 2805 321 2880 (vide
350 2823 441 2882 supra
466 2816 534 2865 aute
556 2828 585 2866 n.
607 2806 697 2883 889),
725 2807 775 2884 qui
796 2806 933 2865 laterculi
955 2825 982 2863 1.
1009 2806 1140 2865 187711
1164 2804 1243 2865 1878
1264 2806 1373 2882 reperti
1397 2815 1468 2862 sunt

134 2907 202 2965 loco
230 2908 291 2965 lere
321 2910 452 2984 antiquo,
481 2911 507 2967 ei
535 2911 583 2967 ubi
609 2909 731 2981 suerint,
762 2909 846 2967 nulla
871 2910 932 2966 alia
959 2908 1095 2966 aedilicia
1119 2909 1215 2967 luisse
1240 2908 1298 2966 nisi
1328 2907 1432 2966 1111111
1455 2925 1469 2964 o

135 3014 277 3084 tempietti,
300 3029 352 3067 arc
372 3030 385 3068 e
403 3016 573 3070 monumenti
592 3015 687 3084 111111,
711 3019 739 3068 11
760 3011 802 3068 ibi
825 3010 1009 3086 superfuisse
1034 3010 1144 3069 rudera
1165 3011 1228 3068 eius
1251 3009 1414 3079 aediculae,
1436 3009 1467 3066 in

136 3113 220 3168 cuius
244 3116 347 3169 111111
369 3113 446 3171 della
469 3115 653 3171 decoratione
673 3130 832 3170 marmorea
860 3121 890 3170 11
915 3112 1051 3170 laterculi
1079 3111 1166 3170 incisi
1192 3112 1303 3170 luerint
1324 3121 1353 3168 et
1375 3110 1467 3168 verba

135 3233 213 3288 quae
244 3219 340 3290 ipsam
373 3216 546 3273 missionem
580 3216 739 3274 honestam
769 3214 899 3273 indicent
931 3214 1038 3291 (supra
1063 3232 1091 3270 n.
1114 3212 1188 3289 890)
1220 3212 1326 3289 [1111111
1352 3212 1468 3269 honesto

137 3315 282 3390 [rnisoione
308 3315 431 3375 Claudio
460 3317 563 3376 Seuero
586 3316 624 3391 e]t
645 3316 760 3393 Aufidio
787 3316 934 3375 Victorino
961 3314 1054 3390 c[oa.].
1097 3315 1223 3374 Accedit
1249 3333 1319 3373 vero
1345 3313 1468 3390 aliquid,

136 3436 206 3492 quo,
233 3419 312 3494 quod
335 3439 388 3493 per
410 3437 442 3477 se
464 3438 566 3477 omnes
588 3437 729 3477 numeros
752 3418 974 3495 probabilitatis
996 3418 1099 3489 habet,
1126 3417 1169 3476 ita
1191 3417 1326 3475 videatur
1348 3415 1468 3473 demon-

138 3524 241 3592 strari,
269 3529 301 3576 ut
324 3520 501 3579 dubitationi
525 3522 644 3580 omuino
667 3522 751 3580 locus
777 3520 905 3587 relictus¹
924 3538 984 3579 uon
1012 3524 1060 3580 sit.
1106 3517 1231 3579 Scilicet
1251 3519 1282 3576 in
1303 3518 1469 3595 fragmento

135 3621 287 3694 laterculi,
315 3622 394 3697 quod
418 3640 509 3699 supra
530 3645 558 3682 n.
580 3623 640 3683 887
664 3624 848 3700 propositum
873 3630 932 3693 est,
958 3621 988 3679 in
1011 3621 1100 3681 tertia
1121 3621 1233 3698 pagina
1255 3637 1468 3679 commemora-

137 3731 186 3780 tur
208 3725 316 3782 cohors
340 3725 455 3783 decima
477 3725 591 3784 urbana
612 3735 641 3784 et
661 3726 692 3784 in
715 3725 871 3797 centuriis,
900 3743 977 3800 quae
1000 3731 1171 3799 sequuntur,
1198 3723 1376 3800 praescripti
1399 3728 1470 3780 sunt

139 3827 209 3883 anni
233 3826 290 3883 137
314 3836 344 3884 11
368 3827 440 3898 138;
468 3828 523 3885 etsi
551 3837 649 3887 autem
676 3829 748 3886 haec
770 3829 878 3885 cohors
900 3827 977 3884 inter
998 3825 1129 3884 urbanas
1156 3826 1254 3902 prima
1282 3833 1343 3896 est,
1370 3833 1470 3882 tamen

137 3929 214 3986 aliae
230 3928 412 4004 praecedunt
433 3916 584 3989 centuriae
605 3931 636 3989 in
659 3931 755 4006 iisque
777 3928 954 4006 praescripti
976 3935 1046 3986 suut
1067 3927 1136 3986 anni
1162 3928 1218 3984 141
1243 3935 1273 3984 et
1296 3923 1364 3984 142.
1401 3924 1470 3983 Hoc

139 4030 284 4087 eiusmodi
311 4039 370 4102 est,
405 4038 449 4104 ut,
484 4032 510 4090 si
541 4033 620 4109 quod
649 4032 779 4091 diximus
809 4050 912 4090 verum
944 4037 1004 4102 est,
1043 4029 1119 4088 adeo
1145 4048 1205 4086 non
1232 4027 1340 4086 mirum
1368 4027 1409 4087 sit
1437 4035 1471 4085 ut

139 4131 226 4190 aliter
253 4150 319 4190 esse
346 4150 404 4190 nou
432 4134 567 4210 potuIsse
593 4142 802 4213 cognoscatur,
829 4134 855 4192 si
881 4152 940 4191 non
967 4150 1072 4190 verum
1098 4140 1154 4204 est,
1183 4149 1243 4189 non
1269 4129 1377 4188 habeat
1398 4147 1472 4206 quo-

140 4235 229 4291 modo
256 4234 455 4310 intellegatur.
505 4234 585 4293 Nam
611 4235 750 4294 cohortes
776 4236 943 4311 praetorias
974 4242 1005 4293 et
1033 4234 1165 4292 urbanas
1194 4232 1301 4290 saltem
1329 4250 1384 4308 per
1412 4231 1471 4288 duo

139 4337 237 4411 prima
258 4337 380 4395 saecula
400 4346 471 4413 post
489 4335 640 4396 Christum
664 4337 852 4396 existimatos
867 4353 935 4396 csse
950 4336 1083 4395 eiusdem
1098 4335 1243 4412 corporis,
1264 4333 1366 4409 itaque
1381 4333 1490 4420 etiam¹

140 4439 170 4494 in
193 4439 320 4496 honesta
341 4439 484 4498 missione
506 4440 681 4498 coniunctas
702 4439 805 4512 fuisse,
832 4458 898 4497 cum
925 4439 986 4496 alia
1011 4437 1121 4496 docent
1144 4443 1206 4495 tum
1227 4454 1305 4512 quae
1327 4435 1472 4494 habemus

140 4540 205 4597 eius
228 4542 333 4598 aetatis
356 4542 512 4617 priuilegia
534 4542 678 4600 militibus
700 4541 898 4617 praetorianis
920 4541 968 4598 111
991 4539 1114 4599 urbanis
1136 4539 1207 4598 data
1229 4536 1316 4613 (dipl.
1334 4536 1365 4594 X
1381 4534 1471 4612 Corp.

141 4642 201 4699 vol.
222 4643 271 4701 III
294 4662 323 4718 p.
346 4643 405 4701 853
432 4644 564 4701 111176
587 4654 617 4702 11
637 4641 760 4701 XLVII
783 4662 812 4719 p.
834 4642 892 4701 889
915 4642 993 4701 inter
1012 4661 1038 4700 1
1063 4641 1120 4699 161
1145 4647 1174 4699 11
1199 4639 1271 4713 169)
1282 4637 1321 4714 ¹).
1365 4639 1472 4714 Itaque

142 4745 171 4801 in
196 4744 347 4802 laterculis
371 4746 499 4804 militum
521 4765 560 4805 ex
583 4745 727 4804 custodiis
750 4745 870 4803 urbanis
893 4745 1020 4802 honesta
1041 4743 1184 4802 missione
1205 4740 1397 4800 dimissorum
1417 4757 1472 4797 nec

231 5064 253 5125 1)
282 5066 333 5116 Res
353 5072 450 5115 mutata
469 5072 508 5114 est
527 5073 585 5115 ante
605 5065 695 5115 1203
716 5063 790 5129 (dipl.
807 5064 922 5114 XLVIII
942 5079 967 5129 p.
981 5062 1054 5125 890),
1074 5063 1171 5114 scilicet
1184 5067 1320 5127 postquam
1333 5060 1472 5125 Septimius

143 5157 253 5208 Severus
273 5160 429 5221 praetorium
448 5159 547 5208 diverse
567 5157 706 5208 constituit.

250 5247 296 5307 IV
1208 5243 1247 5304 22
