3494 5812
596 522 792 574 annaeum
821 522 1000 574 rnranron.
1392 503 1461 572 125

139 694 233 752 tendit
255 702 377 772 propter
398 696 517 772 figlinas
539 696 636 754 editas
658 716 676 754 a
697 697 825 754 Marinio
848 693 957 755 Statilii
973 693 1075 755 Severi
1098 715 1125 754 a.
1146 693 1203 752 124
1226 694 1316 770 (Arc.
1330 715 1360 771 p.
1377 694 1464 769 306),

138 797 176 855 Τ.
194 795 305 857 Statilii
315 798 445 857 Maximi
461 795 563 857 Severi
586 811 615 857 et
637 817 665 857 a
684 797 740 855 127
757 798 790 872 (l.
804 817 829 856 c.
845 816 874 874 p.
888 798 961 872 318)
983 808 1014 855 et
1028 797 1096 855 aliis
1112 797 1177 856 sine
1192 797 1375 871 consulibus,
1397 792 1463 854 Sta·

138 899 193 957 tilii
204 899 334 958 Maximi
356 901 421 958 sine
443 900 616 958 consulibua
639 900 672 975 (l.
686 919 711 958 c.
734 919 762 975 p.
776 900 860 974 317).
894 899 960 976 Ego
976 899 1093 958 consuli
1114 919 1141 957 a.
1155 898 1213 957 144
1230 895 1334 957 Severi
1355 914 1463 957 nomen

137 1000 233 1060 fnisse
265 1010 325 1061 non
346 1002 544 1080 crediderim,
575 1002 747 1060 cam‘tituli
781 1002 845 1059 eius
877 1004 951 1061 certi
983 1002 1014 1060 id
1046 1020 1106 1059 non
1138 1001 1282 1071 habeant,
1315 1001 1346 1057 in
1377 999 1463 1058 titulo

139 1113 235 1162 autem
249 1103 423 1163 Pannonico
438 1115 507 1181 post
521 1104 647 1162 Maximi
661 1122 825 1181 cognomen
840 1104 1061 1180 vigintiviratus
1077 1102 1203 1162 deficere
1218 1103 1354 1161 videatur
1368 1119 1464 1177 neque

138 1206 182 1263 ita
205 1206 290 1264 locus
317 1205 444 1281 relinqui
472 1207 555 1264 alteri
582 1206 759 1282 cognomini.
803 1205 839 1263 T.
864 1203 974 1265 Statilii
1000 1206 1125 1264 Maximi
1155 1202 1259 1264 Severi
1294 1203 1371 1262 tituli
1401 1214 1463 1286 tres

139 1309 316 1383 Aegyptiaci
344 1309 539 1367 meminerunt
565 1308 623 1365 duo
644 1307 746 1365 Latini
772 1305 805 1366 C.
829 1308 888 1379 III,
911 1307 959 1365 46.
984 1308 1021 1364 47
1045 1307 1247 1365 Memnoniani
1276 1313 1306 1364 et
1328 1303 1462 1365 Graecus

139 1407 173 1467 C.
197 1409 221 1466 Ι.
246 1407 495 1482 G.111,48150
521 1429 549 1485 p.
578 1408 672 1481 12133
704 1429 809 1467 nomen
843 1410 874 1466 in
906 1410 1001 1485 primo
1030 1417 1077 1468 est
1103 1409 1134 1466 Τ.
1159 1408 1293 1468 Statilino
1320 1407 1464 1465 Maximus

139 1510 180 1569 Se
191 1554 198 1568 .
211 1555 218 1568 .
230 1531 246 1568 r
258 1556 264 1569 .
278 1554 297 1582 .,
319 1513 349 1569 in
366 1512 494 1570 secundo
516 1522 547 1570 et
560 1512 647 1571 tertio
663 1511 806 1569 Maximae
829 1511 921 1587 (male
937 1511 1083 1570 Francius
1098 1510 1180 1568 dedit
1195 1503 1351 1590 Mnffiutcc)
1374 1507 1463 1568 Stati-

98 1620 101 1621 ’
139 1613 210 1684 lias3
244 1633 352 1672 annum
386 1616 500 1690 primus
528 1615 619 1673 hahet
647 1613 720 1686 136,
752 1613 883 1671 officium
909 1613 1030 1689 idiologi
1056 1613 1168 1672 tertius.
1218 1610 1276 1670 Hic
1301 1610 1391 1688 igitur
1417 1611 1464 1668 vir

138 1717 287 1792 equestris
309 1716 474 1774 nobilitatis
497 1736 515 1773 a
535 1727 640 1776 nostro
662 1716 793 1775 Maximo
815 1715 951 1774 diversus
980 1715 1070 1774 fuerit
1095 1731 1217 1772 necesse
1244 1723 1303 1786 est,
1331 1712 1461 1772 credide·

140 1818 254 1894 rimque
275 1827 389 1896 patrem
412 1821 508 1878 nostri
529 1839 594 1877 enm
617 1818 713 1877 fuisse
733 1827 763 1876 et
784 1819 848 1878 eius
868 1836 935 1876 esse
958 1817 1073 1896 tegulas
1096 1817 1175 1875 illas.
1192 1848 1232 1859 -
1247 1814 1367 1873 Titulus
1390 1815 1463 1872 haec

138 1919 200 1978 fere
221 1919 312 1979 habet
334 1940 410 1996 quae
432 1930 485 1978 aut
505 1921 645 1979 recedant
667 1940 685 1978 a
706 1920 801 1978 forma
821 1930 964 1979 consueta
986 1928 1039 1977 aut
1060 1929 1138 1979 certe
1160 1938 1220 1978 non
1236 1917 1372 1995 vulgaria
1392 1917 1461 1975 siat.

138 2022 187 2079 Ab
202 2023 275 2081 actis
291 2032 413 2081 senatus
435 2043 555 2081 manere
569 2023 720 2080 Maximus
743 2022 822 2098 quod
836 2023 956 2081 functus
972 2032 1017 2080 est
1030 2021 1219 2097 quaestorius
1241 2027 1310 2078 ante
1331 2019 1461 2077 tribuna·

138 2133 209 2196 tum,
225 2125 314 2201 plane
329 2125 469 2184 convenit
483 2125 626 2183 institutis
641 2125 747 2183 aetatis
761 2124 910 2183 Traianae
924 2134 955 2182 et
969 2124 1150 2193 Hadrianae,
1164 2123 1247 2182 cuius
1262 2140 1329 2182 esse
1344 2122 1461 2181 titulum

138 2233 220 2303 patet
241 2225 435 2302 (Stactareclrt
456 2225 504 2297 2²,
528 2226 588 2285 864
609 2246 638 2284 n.
654 2227 700 2302 5).
724 2259 762 2268 -
789 2228 934 2286 Iaridicuc
952 2245 1009 2301 pro
1029 2203 1160 2301 praetore
1180 2229 1326 2301 atriaaqac
1346 2225 1462 2302 Pennas

138 2331 203 2387 aiae
225 2330 275 2404 qui
297 2347 375 2388 nunc
397 2329 523 2406 primum
546 2329 670 2406 emergit
692 2329 786 2388 tribus
809 2329 977 2388 nominibus
996 2349 1015 2387 a
1029 2329 1118 2386 solita
1133 2328 1320 2386 ordinatione
1335 2327 1460 2386 recedit:

129 2431 265 2507 primam
287 2432 368 2506 qaod
390 2432 507 2506 utrique
529 2431 700 2507 provinciae
722 2439 842 2508 praeest
849 2452 858 2502 ;
881 2430 986 2489 deinde
1009 2431 1089 2506 qnod
1110 2439 1265 2508 praeterea
1284 2429 1461 2488 Pannoniae

137 2532 294 2592 iuridicam
320 2533 434 2591 nullum
460 2533 643 2605 habuerunt3
670 2533 796 2608 denique
818 2533 899 2610 qaod
925 2533 1041 2610 legatus
1067 2532 1212 2590 iuridicus
1238 2531 1335 2589 adhuc
1360 2531 1460 2590 nullus

137 2634 274 2693 inventus
301 2644 347 2693 est
372 2635 574 2711 propraetoris
599 2636 663 2693 iure
690 2645 808 2706 auctas,
835 2653 929 2711 neque
954 2635 1013 2693 nisi
1040 2643 1102 2693 toto
1128 2653 1224 2692 reram
1248 2642 1326 2693 stata
1346 2642 1460 2692 mutato

137 2753 172 2793 eo
198 2736 264 2795 iure
289 2737 391 2815 augeri
420 2738 529 2813 potuit,
556 2756 623 2795 cam
649 2738 706 2795 sub
732 2737 831 2814 legato
858 2737 1028 2814 prouinciae
1056 2737 1233 2794 constitutas
1263 2737 1315 2806 sit,
1342 2736 1368 2793 is
1395 2736 1460 2814 ipse

137 2847 233 2896 autem
262 2858 327 2897 cnm
353 2839 424 2896 item
453 2847 667 2915 propraetore
690 2840 743 2909 sit,
768 2848 988 2916 propraetorem
1017 2839 1074 2897 sihi
1103 2846 1255 2915 parentem
1279 2839 1387 2897 habere
1409 2858 1460 2897 ne·

137 2949 227 3015 queat
248 2939 443 3014 (Stactareclt
465 2939 500 2998 1Ι
524 2962 554 3018 p.
571 2940 629 2999 223
654 2961 681 2998 n.
699 2940 740 3016 5).
779 2941 841 2998 Eas
864 2959 966 2999 omnes
989 2939 1177 2998 difficultates
1201 2959 1259 2997 una
1280 2959 1373 3015 eaque
1396 2940 1460 2997 feli·

137 3043 260 3101 cissima
281 3044 452 3100 coniectura
468 3041 539 3101 Otto
554 3041 728 3101 Hirschfeld
743 3051 846 3102 noster
867 3042 979 3117 (Mitti.
997 3043 1027 3100 in
1047 3040 1130 3117 add.)
1154 3042 1322 3117 dissipavit,
1346 3041 1460 3100 scilicet

136 3144 301 3203 Maximum
324 3146 400 3203 hunc
421 3163 457 3202 eo
479 3145 581 3203 officio
602 3146 733 3205 functum
756 3162 822 3205 esse
845 3165 872 3202 a.
891 3143 991 3215 13617,
1013 3163 1072 3220 quo
1094 3142 1129 3201 L.
1146 3145 1250 3203 Aelius
1269 3143 1383 3204 Caesar
1403 3163 1458 3220 pro

137 3246 258 3306 consule
273 3246 439 3305 Pannoniis
460 3257 597 3322 praeerat
616 3248 657 3323 (r.
672 3267 701 3305 n.
717 3247 798 3306 4133
815 3256 933 3323 atquae
948 3246 989 3304 ibi
1006 3246 1208 3322 adnotantur).
1245 3246 1323 3305 Nam
1344 3248 1381 3306 ab
1402 3247 1459 3304 hoc

137 3358 277 3424 quattuor
306 3349 474 3425 legionibus
501 3351 673 3426 praeposito
706 3351 770 3408 viro
802 3349 969 3407 iurisdictio
1002 3346 1039 3406 ad
1071 3348 1276 3424 magistratum
1309 3349 1459 3407 diversum

135 3451 256 3509 omnino
276 3452 375 3528 potuit
397 3451 549 3509 transferri
572 3460 601 3509 et
621 3452 720 3527 ipsum
739 3451 855 3511 scilicet
875 3451 906 3508 in
928 3458 1053 3526 utraque
1075 3450 1230 3527 provincia
1251 3444 1371 3510 munere
1392 3450 1459 3508 fun-

135 3560 267 3630 gentem;
294 3555 364 3612 item
386 3553 454 3611 huic
475 3553 657 3630 magistratui
680 3555 882 3630 propraetoris
904 3554 951 3612 ius
974 3566 1053 3611 recte
1074 3552 1139 3610 dari
1166 3553 1276 3628 potuit,
1303 3572 1369 3612 cnm
1392 3570 1458 3627 pro·

134 3655 251 3713 consuli
273 3664 397 3730 pareret.
439 3657 541 3713 Aetati
562 3659 680 3731 quoque
701 3656 841 3726 Maximi,
868 3655 986 3732 qualem
1009 3673 1101 3731 supra
1121 3655 1324 3726 definivimus,
1351 3672 1459 3713 manus

134 3753 192 3814 hoc
213 3757 325 3832 optima
346 3759 491 3815 convenit.
515 3791 553 3799 —
575 3756 695 3816 Deinde
716 3758 866 3816 Maximus
891 3758 989 3815 factus
1012 3767 1061 3815 est
1080 3756 1196 3834 legatus
1219 3757 1392 3816 Pannoniae
1415 3757 1459 3813 in·

133 3857 252 3916 ferioris
274 3869 343 3916 ante
365 3877 453 3934 quam
470 3860 584 3931 consul,
607 3880 686 3933 nam,
708 3871 740 3918 ut
761 3860 848 3917 docui
865 3856 899 3916 Ο.
915 3858 961 3916 lIl
984 3880 1012 3935 p.
1025 3859 1096 3929 415,
1119 3859 1304 3934 aliquantum
1326 3866 1394 3935 post
1414 3858 1457 3916 di-

134 3962 230 4018 visam
251 3960 435 4037 provinciam
456 3961 589 4020 inferiori
611 3963 778 4039 praetorius
801 3961 917 4038 legatus
939 3961 1068 4036 praefuit
1088 3979 1143 4019 nec
1161 3961 1328 4020 consularis
1350 3961 1391 4019 ihi
1413 3960 1457 4017 in-

135 4066 252 4121 venitur
267 4069 334 4120 ante
350 4064 493 4122 Marcum.
522 4063 610 4122 lllum
626 4082 691 4122 cum
707 4083 745 4122 ex
761 4064 817 4121 hoc
832 4063 916 4121 titulo
932 4064 1078 4121 efficiatur
1094 4064 1243 4123 mansisse
1258 4073 1337 4122 certe
1353 4062 1457 4138 primis

134 4164 217 4223 annis
240 4165 385 4222 Antonini
408 4165 465 4237 Pii,
488 4184 547 4222 non
569 4167 633 4225 sine
655 4165 861 4241 probabilitate
884 4185 949 4223 eam
973 4167 1164 4225 mutationem
1187 4166 1224 4224 ad
1246 4164 1356 4224 bellum
1377 4166 1457 4223 Mar·

134 4266 317 4324 comanicnm
344 4267 521 4338 referemus,
551 4287 617 4327 cum
644 4267 818 4343 praesertim
847 4267 1016 4343 prouinciae
1041 4268 1088 4326 cui
1110 4268 1197 4326 unica
1217 4268 1296 4345 legio
1322 4275 1457 4344 praeten-

134 4367 185 4425 dat
211 4369 378 4444 praetorius
405 4369 520 4445 legatus
545 4370 638 4429 multo
660 4370 756 4447 magis
778 4379 864 4444 aptus
886 4369 934 4427 sit.
957 4402 998 4412 -
1021 4368 1211 4429 Cenabenses
1234 4370 1369 4446 denique,
1391 4389 1457 4429 cum

134 4477 251 4528 constet
276 4467 579 4549 Stnhlweissenburgi
606 4473 702 4531 vicum
735 4472 829 4530 fuisse
863 4472 1036 4530 attributum
1064 4472 1200 4530 coloniae
1228 4473 1364 4549 Aquinco
1398 4491 1457 4530 non

133 4571 230 4628 solum
257 4572 418 4643 celebrem,
445 4573 496 4631 sed
522 4574 620 4651 ipsum
647 4574 788 4649 templum
816 4574 880 4632 eius
906 4574 1077 4651 provinciae
1102 4575 1256 4633 habentem
1286 4574 1330 4650 (v.
1355 4572 1389 4632 C.
1410 4574 1456 4632 ΙΙΙ

132 4693 162 4750 p.
178 4672 267 4748 432),
289 4684 429 4750 poterunt
449 4675 582 4752 intellegi
604 4676 661 4751 ipsi
684 4677 906 4753 Aquincenses,
930 4677 1042 4735 scilicet
1063 4677 1143 4735 cives
1166 4677 1294 4736 Romani
1316 4677 1367 4751 qui
1388 4695 1457 4735 con·

134 4775 278 4834 sistebant
303 4776 341 4832 ad
369 4777 500 4837 canebas
526 4777 653 4854 legionis
675 4778 707 4835 ΙΙ
736 4778 903 4849 adiutricis;
937 4797 1116 4856 quamquam
1138 4779 1253 4852 obstat,
1282 4779 1361 4855 qaod
1388 4788 1457 4837 ante

138 4887 254 4952 tempus
277 4896 335 4954 qao
357 4879 461 4937 titulus
482 4880 600 4956 positus
623 4890 668 4937 est
689 4880 896 4957 Aquincenses
918 4881 1054 4939 coloniae
1075 4883 1123 4939 ius
1145 4881 1339 4940 obtinuerunt
1359 4881 1459 4958 itaque
1504 4876 1506 4882 ’

133 4982 188 5039 sab
209 4980 267 5039 Pio
290 4999 392 5057 parum
416 4989 482 5058 apte
501 4979 692 5041 Canabenses
714 4983 910 5059 appellantur.
948 4982 1037 5056 Quod
1059 4984 1083 5041 si
1106 5003 1122 5041 e
1144 4984 1294 5042 contrario
1316 4984 1456 5060 ponimus

133 5101 240 5141 nomen
263 5081 484 5142 Canabensium
513 5084 665 5159 proprium
693 5084 785 5142 fuisse
813 5086 946 5160 ipsorum
973 5085 1092 5144 illorum
1116 5085 1301 5157 sicanorum,
1330 5105 1455 5162 quorum

133 5187 287 5261 antiquum
310 5203 416 5244 nomen
439 5185 558 5245 aliunde
581 5186 719 5244 traditam
743 5205 802 5245 nou
824 5187 976 5260 habemus,
999 5206 1070 5247 sane
1093 5207 1111 5246 a
1132 5188 1238 5247 castris
1259 5187 1456 5264 Aquincensi·
