3474 5812
466 521 767 575 csseavsmoass
785 521 1065 576 nercasesrcss.
1355 505 1426 576 519

101 697 259 755 Hirrutum
285 715 352 755 cum
379 695 411 755 in
440 696 537 774 caliga
563 697 603 755 ad
629 696 756 774 primum
782 698 876 773 pilam
902 698 1101 775 pervenisset,
1130 699 1257 758 mansitu
1284 700 1364 758 facto
1392 700 1430 759 ad

104 799 229 857 militias
254 798 368 859 ordinis
394 800 517 858 maioris
540 799 615 859 duas
637 799 841 876 praefecturas
863 800 1042 878 suscepisse,
1069 800 1195 860 alteram
1215 801 1380 861 Raetorum
1401 809 1431 860 et

103 900 332 959 vindelicorum
354 910 383 960 st
404 901 493 960 vallis
515 901 678 973 Poeninae,
701 901 824 961 alteram
845 902 921 961 levis
942 911 1119 963 armaturae.
1155 903 1191 962 Id
1213 903 1292 962 enim
1313 903 1431 982 linguae

104 1003 180 1061 ratio
199 1003 314 1079 flagitat
333 1004 390 1062 hac
405 1012 503 1063 aetate
521 1005 658 1082 copulam
673 1021 733 1062 non
748 1003 907 1064 admittens
929 1005 995 1064 solo
1016 1005 1120 1064 ultimo
1136 1025 1178 1064 ex
1198 1004 1335 1083 pluribus
1354 1006 1432 1077 loco,

102 1123 157 1164 nec
185 1103 284 1163 minus
311 1106 427 1183 flagitat
454 1124 516 1177 res3
542 1125 610 1165 nam
635 1108 799 1183 praescotia
827 1108 896 1165 lacis
922 1117 1086 1167 armaturae
1111 1126 1164 1185 per
1185 1126 1217 1168 se
1242 1108 1274 1167 in
1299 1085 1431 1168 eiusdem

105 1208 213 1267 atatis
235 1207 330 1266 titulis
353 1208 513 1285 aliquoties
535 1208 682 1284 reperitur
692 1207 733 1284 ¹).
770 1208 858 1285 Iungi
881 1218 980 1268 autem
1002 1210 1061 1268 doo
1083 1209 1182 1269 officia
1203 1209 1322 1270 diversa
1342 1211 1432 1269 inter-

105 1310 206 1388 posita
231 1309 340 1385 copula
367 1330 427 1369 non
456 1310 615 1369 admodum
643 1327 744 1369 rarum
771 1319 832 1382 est,
859 1327 1040 1387 quamquam
1063 1312 1236 1390 plerumque
1257 1312 1432 1372 vocabulum

106 1431 263 1471 commone
290 1413 447 1487 repetitur3
477 1414 508 1471 in
537 1413 594 1471 hoc
619 1413 707 1471 titulo
732 1429 800 1470 cum
826 1413 995 1490 praefectus
1021 1415 1052 1472 in
1077 1415 1176 1492 priore
1202 1424 1288 1491 parte
1313 1415 1433 1474 tertium

106 1530 211 1575 casnm
241 1515 392 1586 adsumat,
424 1515 456 1574 in
481 1516 649 1592 posteriorc
675 1514 852 1587 secundum,
883 1514 914 1574 id
943 1522 990 1574 est
1020 1516 1084 1576 illic
1114 1517 1264 1594 participii
1290 1517 1356 1576 loco
1383 1518 1432 1590 sit,

107 1618 157 1677 hic
184 1616 380 1690 substantivi,
411 1636 447 1675 eo
478 1617 574 1694 magis
604 1624 716 1676 certum
744 1626 790 1677 est
817 1635 878 1677 noo
906 1617 943 1676 ds
971 1618 1075 1678 eodem
1105 1618 1203 1678 officio
1231 1619 1306 1679 haec
1333 1621 1434 1679 omnia

107 1721 203 1798 accipi
225 1736 327 1795 posse.
349 1752 391 1764 -
412 1719 588 1779 Praefectus
603 1720 714 1790 scats,
736 1720 903 1792 Vindelicis,
924 1721 1010 1782 callis
1030 1721 1174 1780 Pccninece
1194 1721 1324 1798 (incolis)
1346 1723 1432 1799 ellip-

107 1823 163 1883 tice
186 1822 303 1894 dicitur,
331 1822 472 1898 quoniam
494 1822 648 1881 Poeninae
669 1821 758 1881 vallis
780 1822 896 1882 incolae
922 1841 983 1882 non
1008 1822 1195 1901 appellantur
1217 1824 1342 1884 Poenini
1365 1843 1433 1883 suo·

107 1945 165 2002 qus
191 1923 338 1985 vocabalo
366 1922 517 1999 carenti).
560 1924 624 1982 Iam
652 1943 724 1985 vero
751 1944 818 1984 cum
844 1925 1015 2002 provincias
1040 1926 1262 2001 procuratorias
1288 1944 1363 2003 quae
1390 1927 1434 1985 di-

107 2036 214 2087 cuntur
242 2026 345 2086 eodem
374 2026 438 2086 inre
469 2027 684 2103 praefectoriae
714 2027 770 2086 dici
802 2028 922 2103 possint
951 2038 981 2087 st
1010 2028 1154 2105 Inalpinis
1179 2029 1356 2105 praesertim
1382 2030 1434 2106 qui

107 2139 250 2207 praesunt
273 2147 486 2205 saepenumero
507 2128 649 2204 praefecti
669 2129 869 2207 appellentur,
895 2131 976 2207 quod
1001 2147 1039 2189 ex
1065 2132 1121 2190 hoc
1146 2131 1233 2190 titulo
1260 2132 1344 2191 effeci
1370 2131 1433 2189 val·

107 2233 167 2293 lem
188 2233 354 2292 Poeninam
377 2250 443 2290 cum
459 2230 567 2291 Raetia
588 2239 617 2290 st
633 2231 803 2292 Vindelicis
824 2233 988 2309 imperants
1002 2232 1124 2293 Tiberio
1146 2233 1202 2292 sab
1224 2233 1326 2293 eodem
1349 2252 1434 2310 prac-

108 2335 172 2395 side
194 2334 295 2406 fuisse,
318 2344 418 2393 manet
438 2334 658 2394 inconcussum.

191 2437 298 2495 Altero
323 2437 392 2495 loco
418 2454 505 2514 quem
528 2436 627 2510 citavi,
652 2437 757 2496 titulus
772 2437 955 2497 Veronensis
978 2435 1225 2497 v01.vn.3936
1249 2437 1287 2512 Q.
1310 2435 1435 2497 Caecilii

109 2539 223 2600 (lisiaci
246 2537 369 2614 Septicii
391 2538 479 2598 Picus
502 2537 665 2599 Caeciliani
683 2539 912 2616 prowrfawris)
933 2538 1157 2617 deposimus)
1184 2551 1209 2600 ct
1226 2559 1283 2616 pro
1310 2540 1433 2617 leporio)

104 2644 269 2719 prcoimwi
289 2642 406 2699 Raetici
426 2651 452 2700 et
472 2641 673 2719 Vindelic(iai)
696 2652 721 2702 et
741 2642 828 2702 callis
842 2641 1010 2717 Poenin(ai)
1033 2650 1093 2700 tam
1115 2651 1218 2718 aperte
1239 2642 1381 2718 loquitur,
1403 2651 1436 2701 ut

109 2744 240 2820 quodsi
262 2754 426 2819 opponeret
446 2745 503 2803 hoo
523 2744 619 2803 solam
638 2743 792 2823 Zippelios
812 2744 926 2803 invenit
947 2744 997 2802 nni
1020 2743 1088 2802 testi
1111 2745 1188 2802 mals
1210 2744 1290 2803 credi
1313 2744 1435 2803 vallem·

110 2865 170 2924 que
184 2845 350 2904 Poeninum
372 2865 409 2904 so
431 2852 564 2924 tempore
586 2864 652 2906 cnm
667 2845 1011 2923 RaetiaVindeliciaqne
1033 2854 1119 2905 extra
1140 2847 1273 2906 ordinem
1296 2848 1434 2906 comanc-

110 2959 172 3009 tam
194 2966 263 3008 esse
284 2948 430 3026 potuisse.
463 2947 544 3007 Nam
565 2947 647 3026 quod
668 2948 763 3007 addit:
796 2948 961 3008 custodem
981 2948 1084 3006 komrnt
1102 2949 1154 3008 der
1168 2949 1242 3008 Titel
1260 2960 1435 3027 procurator

109 3070 165 3130 pro
190 3051 290 3128 legato
310 3050 366 3124 sair
387 3052 433 3109 dic
454 3051 626 3112 Stattialtcr
646 3051 913 3127 procurator-tecta
931 3050 1088 3111 Procinecn
1115 3055 1218 3110 mcincs
1240 3050 1366 3112 Wissem
1388 3057 1435 3112 nic

109 3165 170 3226 cor,
192 3154 218 3213 si
240 3170 353 3212 memor
380 3153 489 3213 fuisset
519 3153 694 3213 adulescens
727 3154 859 3214 eruditus
888 3154 1042 3214 titulorum
1063 3153 1188 3212 duorum
1210 3154 1435 3214 notissimorum

111 3254 334 3317 Orellianorum
366 3277 396 3315 n.
420 3256 500 3316 3570
525 3255 755 3332 procurans)
780 3274 836 3332 pro
863 3255 985 3333 le9(atc)
1008 3254 1204 3332 moriannae)
1232 3255 1436 3316 Mauretaniae

113 3360 282 3436 Tinpitcnac
308 3366 339 3416 et
363 3377 392 3416 n.
410 3357 469 3418 732
492 3360 634 3435 praesceti
656 3377 714 3436 pro
742 3359 834 3434 Iapeto
858 3357 1047 3434 ina(alarum)
1068 3357 1248 3428 Baliarium,
1276 3365 1354 3418 certe
1376 3377 1435 3418 non

112 3461 283 3539 scripsisset
303 3468 333 3518 et
354 3459 447 3520 multo
468 3462 566 3520 minus
587 3461 823 3520 demonstratum
850 3461 956 3521 ivisset
975 3479 1032 3537 pro
1053 3461 1153 3538 legato
1175 3459 1308 3521 officium
1329 3461 1357 3520 ei
1378 3461 1436 3520 soli

111 3563 283 3643 provincias
304 3563 477 3634 convenire,
500 3582 577 3640 quas
598 3563 729 3640 legitimo
751 3572 832 3623 statu
854 3563 1030 3642 sublegato
1052 3573 1139 3623 esset
1173 3562 1270 3621 Immo
1292 3563 1374 3640 quod
1399 3563 1435 3622 de

113 3667 225 3727 Tiberii
248 3675 346 3726 aetate
367 3665 471 3726 titulus
493 3664 730 3744 Interprominas
751 3665 861 3740 docuit,
883 3666 915 3726 id
926 3666 1118 3738 Veronensis,
1140 3665 1190 3742 qui
1213 3675 1335 3743 propter
1356 3685 1435 3725 men·

190 3919 214 3983 ¹)
236 3919 345 3970 Venafri
364 3921 416 3970 vol.
428 3921 465 3971 X.
484 3937 510 3971 n.
524 3919 596 3971 4868
616 3939 651 3962 =
671 3919 751 3972 Orell.
766 3919 852 3971 3426:
872 3917 930 3970 Sea.
945 3919 1054 3971 Aufieno
1067 3918 1125 3971 Sea.
1134 3920 1161 3986 s.
1175 3920 1237 3971 Ani.
1248 3920 1376 3988 primopii.
1396 3919 1436 3984 II,

114 4021 146 4064 tr.
159 4013 220 4075 mil,
235 4011 321 4080 praef.
340 4012 403 4063 teca
420 4019 518 4074 armat,
537 4011 621 4081 praef.
634 4019 713 4064 casin
726 4014 784 4080 imp.
799 4010 901 4064 Caeam.
912 4011 979 4079 Δίῳ.
992 4019 1017 4063 et
1034 4010 1074 4062 Ti.
1090 4010 1210 4063 Caesarie
1219 4011 1336 4079 Augusti,
1350 4015 1437 4080 praes.

113 4106 213 4166 clusus,
227 4104 313 4172 praes.
326 4102 412 4170 sain,
431 4103 464 4155 11
474 4107 515 4155 uir
533 4102 639 4171 Venafri
656 4113 704 4157 cet
742 4106 840 4159 Gaetas
858 4106 909 4156 vol.
922 4106 950 4156 X
969 4121 995 4155 n.
1009 4103 1079 4156 6098
1100 4125 1134 4146 =
1154 4107 1259 4155 Heazen
1279 4105 1365 4157 6735:

112 4198 168 4248 rius
183 4192 210 4248 0.
217 4196 243 4263 s.
258 4196 328 4248 Aen.
344 4195 447 4261 Gallu[c
457 4195 561 4264 praeli.
580 4197 643 4248 leuis
661 4202 804 4248 armaturae
821 4195 1016 4265 p[rociaciael]
1036 4193 1224 4264 Hispaniensis.
1251 4197 1439 4263 Intellegnntur

113 4291 208 4355 oplnor
225 4290 320 4340 milites
338 4296 413 4340 extra
431 4290 548 4340 ordinem
567 4289 595 4341 in
608 4291 742 4354 provincia
760 4291 906 4356 conscripti,
926 4291 1014 4356 quales
1026 4290 1162 4355 aliquoties
1182 4296 1358 4340 memorantur
1369 4291 1438 4354 apud

114 4383 233 4434 Tacitum
256 4382 325 4444 (hist.
340 4384 365 4444 1,
375 4383 424 4432 cs:
452 4380 573 4432 Raeticae
596 4382 655 4433 alae
677 4380 837 4450 cohortesque
859 4389 884 4432 et
906 4383 1016 4450 pisarum
1034 4380 1169 4433 Raetorum
1187 4382 1308 4432 iuventus.
1348 4384 1371 4444 2,
1389 4383 1437 4432 58:

114 4473 195 4525 decem
212 4488 297 4524 nocem
315 4472 437 4536 cohortes,
457 4476 564 4542 quinque
582 4474 649 4538 alae,
671 4475 759 4541 inqens
777 4473 925 4526 Maurorum
943 4490 1065 4525 nummus.
1089 4475 1115 4536 3,
1130 4476 1160 4526 52
1184 4491 1239 4524 cum
1257 4475 1303 4524 afa
1321 4474 1439 4525 Auriana

113 4573 138 4616 et
155 4573 210 4617 octo
229 4563 371 4617 salutibus
393 4583 424 4618 ac
441 4563 595 4618 Noricorum
618 4567 760 4630 iuventute).
798 4568 861 4618 Post
884 4569 995 4632 primum
1020 4568 1149 4618 saeculnm
1175 4568 1300 4618 eiusmodi
1324 4569 1438 4618 cilicium

115 4675 168 4709 non
186 4659 292 4709 memini
308 4660 463 4723 memorari3
488 4660 558 4725 qnod
577 4660 600 4710 sl
617 4660 741 4710 abolitum
760 4666 806 4721 est,
824 4659 933 4711 fortasse
952 4660 1107 4710 auxiliorum
1127 4661 1182 4711 eins
1200 4661 1300 4727 generis
1320 4661 1438 4711 condicio

34 4764 42 4773 ·
114 4757 213 4802 munta
231 4757 271 4802 est
287 4758 362 4802 aucta
380 4753 502 4804 adversus
521 4751 636 4803 subditos
655 4754 838 4817 imperatorum
858 4753 1010 4803 diffidentia.

190 4838 215 4905 ²)
244 4844 302 4895 Hoc
323 4851 352 4894 ut
375 4852 492 4910 apertum
516 4851 568 4906 est,
598 4845 634 4894 ita
661 4845 731 4910 quod
753 4846 840 4911 posuit
860 4845 1004 4910 Zippelios:
1030 4843 1071 4895 die
1092 4841 1186 4894 Datis-e
1210 4843 1305 4895 kinnen
1328 4862 1376 4895 nur
1399 4845 1439 4894 alc

115 4933 244 5003 abidnyiq
262 4951 311 4986 oon
329 4934 383 4986 den
393 4935 533 5003 solyendcn
553 4934 655 4989 Genetiv
679 4937 828 4988 uercaadm
846 4937 959 4999 werden,
986 4936 1034 4988 dac
1053 4936 1131 4987 ieiest
1148 4935 1244 4987 Pedius
1260 4954 1316 4987 war
1334 4936 1439 5002 Prdsect

114 5024 176 5078 iter
194 5026 236 5079 ate
252 5026 347 5078 Raetos·
363 5027 417 5079 und
429 5024 574 5081 Viadciikcr
591 5031 618 5080 in
636 5030 690 5081 dem
706 5028 886 5098 poeninrsclsen
903 5028 989 5090 Tarte,
1013 5030 1094 5094 ipsius
1112 5030 1196 5079 verbis
1214 5030 1352 5094 adscripsi,
1378 5045 1438 5080 nam

115 5118 237 5186 mega
252 5119 359 5186 quiden
375 5118 449 5187 impl
466 5120 501 5173 ab
518 5136 578 5174 sum
595 5122 753 5188 praetactum
773 5123 847 5174 vallis
864 5123 1006 5183 Poeninae,
1025 5123 1071 5172 sed
1090 5122 1153 5186 quid
1171 5123 1208 5173 its
1226 5123 1259 5172 da
1278 5123 1370 5172 dativis
1394 5122 1439 5172 ilat

115 5211 288 5281 pudendam
304 5211 329 5265 Ι
343 5211 398 5266 deo
414 5212 600 5282 Priscum
617 5215 702 5282 placet
719 5230 735 5268 a
752 5215 880 5284 genesim,
900 5215 1019 5282 equidem
1037 5215 1137 5281 ignoro.
