3494 5812
205 473 277 545 222
777 491 956 545 nomisma

204 669 282 726 tribu
310 668 484 743 suffragium
513 668 626 725 tulisse.
671 667 719 724 Ita
746 667 889 726 Claudios
918 669 949 725 in
979 665 1105 725 Claudia
1139 670 1218 726 tribu
1244 667 1403 742 aliqnando
1437 668 1534 728 inisse

204 770 364 830 notissima
384 770 515 828 narratio
542 789 609 827 cnm
635 770 709 827 satis
732 770 928 839 demonstret,
951 767 988 842 Q.
1012 767 1157 828 Claudius
1179 772 1237 846 Ap.
1261 770 1282 828 s.
1305 781 1427 847 propter
1448 788 1536 847 prae·

205 891 311 930 nomen
345 873 438 949 patris
472 873 537 930 sine
570 872 661 931 dnbio
696 873 734 931 ad
766 873 921 949 patriciam
958 880 1076 950 gentem
1110 873 1285 931 referendus
1318 873 1470 932 invenitur
1505 873 1537 932 in

204 971 354 1050 Pollia1).
372 1007 410 1017 -
427 973 554 1034 Octavia
575 992 649 1050 gens
672 994 738 1032 cum
761 984 884 1051 propter
905 974 1050 1053 originem
1072 974 1255 1035 Veliternum
1283 975 1321 1033 ad
1342 975 1535 1054 Pomptinam

206 1078 315 1136 tribum
337 1076 492 1136 reserenda
513 1085 602 1148 esset,
634 1077 732 1137 silex
755 1077 862 1135 aetatis
882 1077 1058 1152 posterioris
1081 1078 1120 1136 ad
1140 1077 1271 1136 familias
1295 1078 1412 1137 nobiles
1435 1089 1537 1137 vetus-

205 1179 298 1237 tiores
330 1189 410 1237 recte
443 1178 660 1257 applicaretur,
693 1180 850 1257 Augustus
876 1188 951 1267 (ante
984 1179 1173 1257 adoptionem
1207 1187 1260 1237 aut
1291 1181 1323 1238 in
1355 1179 1452 1239 Fabia
1483 1189 1536 1239 aut

205 1281 236 1339 in
264 1279 386 1356 Scaptia
418 1282 507 1341 fuerit
537 1299 659 1340 necesse
691 1272 753 1354 est,
786 1300 852 1339 cnm
881 1279 1041 1341 Suetonius
1071 1301 1094 1341 c.
1112 1283 1152 1340 40
1182 1281 1392 1358 (staphili
1414 1279 1535 1359 pass)

206 1383 357 1442 Fabianos
380 1394 409 1440 et
430 1381 621 1460 Scaptienses
644 1384 767 1444 tribules
794 1385 858 1443 eius
881 1385 1020 1460 appellet.
1064 1384 1107 1442 At
1127 1403 1215 1461 quem
1241 1386 1289 1444 hic
1312 1385 1456 1444 habemns
1479 1381 1535 1443 On.

207 1483 354 1544 Octavius
372 1484 408 1543 L.
431 1485 452 1543 f.
475 1486 595 1545 omniuo
618 1487 738 1564 gentilis
761 1487 825 1544 eins
847 1486 1023 1563 suffragium
1045 1487 1163 1545 tulitin
1185 1486 1324 1546 Aemilia
1343 1521 1381 1532 -
1396 1486 1538 1546 Dictator

206 1584 321 1647 Caesar
342 1586 506 1647 secundum
532 1588 610 1647 idem
638 1589 841 1648 testimonium
867 1600 920 1647 aut
945 1590 976 1648 in
1003 1589 1100 1648 Fabia
1125 1589 1185 1649 init
1205 1598 1258 1648 aut
1282 1591 1313 1650 in
1336 1587 1473 1666 Scaptia;
1498 1587 1536 1648 L.

206 1688 301 1748 lulius
329 1687 401 1750 Sex.
423 1690 443 1750 f.
466 1691 554 1749 huius
586 1698 709 1750 senatus
741 1691 884 1765 consulti,
915 1710 1003 1768 quem
1038 1692 1107 1750 item
1140 1691 1272 1752 eiusdem
1310 1692 1406 1771 gentis
1440 1692 1537 1751 fuisse

206 1792 335 1851 dubitari
373 1812 433 1852 non
469 1803 578 1871 potest,
616 1795 647 1852 in
677 1794 758 1852 tribu
791 1794 894 1871 aliqua
924 1795 981 1853 fuit
1016 1795 1146 1853 nominis
1178 1795 1211 1853 in
1242 1815 1282 1854 aa
1317 1794 1465 1854 exeuntis.
1497 1827 1537 1838 -

207 1894 394 1953 Metellorum
434 1896 575 1967 duorum,
614 1915 739 1972 quornm
777 1897 884 1954 tribum
919 1898 1069 1967 novimus,
1114 1896 1190 1956 alter
1231 1898 1287 1956 luit
1326 1899 1358 1955 in
1400 1895 1538 1967 Aniensi,

206 1997 281 2055 alter
302 1997 333 2054 in
355 1996 463 2069 Fabia3
487 1997 524 2056 L.
547 1999 755 2057 Memmiorum
779 1997 812 2058 C.
835 2000 857 2057 f.
880 1999 1017 2070 duorum,
1044 2016 1120 2074 qnos
1147 2019 1185 2057 ex
1207 2000 1310 2057 eadem
1333 1999 1421 2058 domo
1443 1999 1538 2057 inissa

208 2108 438 2158 consentaneum
467 2110 523 2172 est,
550 2101 626 2158 alter
651 2101 682 2158 in
709 2101 848 2160 Menenia
876 2119 982 2160 census
1011 2110 1065 2173 est,
1099 2101 1175 2160 alter
1202 2102 1233 2159 in
1260 2099 1399 2172 Galeria3
1427 2099 1538 2159 similia

206 2203 277 2261 licet
303 2203 400 2260 minus
427 2212 509 2261 carta
534 2202 570 2259 de
596 2203 715 2276 Anulis,
745 2203 919 2280 Appuleiis,
950 2202 1074 2262 Luciliis
1100 2223 1139 2262 ex
1165 2205 1289 2263 elencho
1318 2221 1411 2281 supra
1438 2203 1537 2279 posito

207 2304 385 2362 efficiuntur.
401 2336 440 2346 -
457 2302 658 2364 Confirmatur
677 2305 768 2382 igitur
789 2305 835 2362 his
858 2306 1037 2365 testimoniis
1060 2307 1140 2381 quod
1162 2307 1281 2366 aliunde
1304 2324 1422 2383 quoque
1450 2304 1538 2363 intel-
1618 2332 1623 2343 ·

207 2405 315 2482 legitur
338 2404 532 2482 (Stoatsrccht
554 2405 595 2463 22
622 2426 649 2482 p.
668 2406 737 2466 356.
761 2407 835 2482 387)
864 2408 902 2465 ad
931 2406 1138 2467 Gracchanam
1165 2418 1245 2468 certe
1271 2416 1397 2468 aetatem
1427 2407 1538 2466 tribum

146 2584 149 2589 1
207 2507 309 2566 fundis
336 2508 517 2580 inhaesisse,
552 2508 686 2567 homines
715 2516 812 2568 antem
841 2511 870 2567 in
899 2528 935 2567 ea
961 2511 1040 2569 tribu
1067 2511 1242 2590 suffragium
1271 2510 1394 2582 tulisse,
1420 2509 1452 2568 in
1478 2526 1539 2585 qua

207 2610 332 2687 praedia
357 2610 434 2669 forte
459 2610 611 2669 haberent.
654 2611 689 2668 ld
715 2620 821 2686 postea
847 2621 990 2670 mutatum
1017 2622 1078 2683 est,
1106 2613 1232 2685 scilieet,
1260 2613 1291 2672 ni
1316 2613 1420 2685 fallor,
1446 2611 1538 2670 Italia

208 2714 350 2771 universa
372 2713 410 2771 ad
432 2713 580 2771 civitatem
600 2712 768 2771 Romanam
791 2713 936 2785 admissa;
964 2722 1026 2773 tum
1049 2715 1126 2773 enim
1148 2725 1298 2791 receptum
1320 2723 1376 2786 est,
1401 2724 1435 2772 nt
1456 2715 1538 2773 cives

208 2814 336 2873 Romani
358 2832 396 2873 ex
411 2814 582 2891 municipiis
603 2815 721 2873 oriundi
743 2815 889 2892 duplicem
905 2815 1125 2891 quodammodo
1144 2817 1294 2876 civitatem
1316 2827 1347 2876 et
1368 2817 1426 2894 ipsi
1448 2815 1539 2875 habe-

207 2931 274 2976 rent
295 2927 326 2975 et
346 2916 526 2976 hereditario
548 2917 612 2974 iure
635 2916 673 2976 ad
692 2927 831 2994 posteros
851 2920 1095 2991 transmitterent,
1117 2919 1241 2978 alteram
1263 2919 1415 2996 publicam
1436 2918 1539 2995 populi

207 3019 350 3091 Romani,
384 3019 507 3078 alteram
541 3019 751 3095 municipalem
779 3028 807 3077 et
833 3039 900 3079 cnm
926 3021 995 3092 hac,
1029 3022 1059 3080 id
1092 3028 1138 3080 eat
1165 3041 1232 3080 cnm
1258 3021 1347 3080 domo
1375 3021 1538 3096 origineve,

207 3120 303 3179 tribus
336 3121 366 3179 in
399 3130 573 3197 perpetuum
615 3123 851 3199 coniungeretur.
909 3123 1016 3200 Itaque
1055 3124 1080 3181 si
1115 3123 1165 3200 qui
1203 3124 1275 3182 civis
1307 3123 1465 3182 Romanus
1498 3139 1537 3180 ex

208 3224 325 3300 Arpino
352 3224 497 3282 oriundus
524 3225 589 3296 fuit,
619 3244 685 3282 cum
713 3225 828 3302 origine
854 3225 998 3301 Arpinate
1024 3225 1088 3284 eins
1113 3226 1255 3284 territorii
1284 3226 1394 3284 tribum
1426 3222 1539 3285 Corne·

208 3325 279 3384 liam
307 3335 335 3383 et
360 3327 426 3401 ipse
453 3327 482 3384 in
505 3333 681 3403 perpetuum
707 3327 811 3386 habuit
836 3335 865 3384 et
890 3327 928 3384 ad
955 3336 1092 3403 posteros
1121 3327 1308 3406 propagavit.
1352 3327 1437 3386 Haec
1463 3345 1541 3403 quae

210 3428 379 3486 efficiuntur
400 3447 439 3486 ex
465 3428 602 3486 tribubus
632 3438 890 3487 monumentorum
918 3439 1088 3488 nostrorum
1109 3430 1166 3488 hoc
1192 3439 1314 3489 senatus
1336 3429 1472 3488 consulto
1494 3447 1540 3487 re·

210 3538 295 3605 perto
322 3547 503 3607 magnopere
530 3530 625 3588 auctis
649 3531 718 3589 licet
744 3550 822 3590 nova
847 3550 905 3589 non
934 3533 1009 3602 siut,
1034 3550 1095 3591 uon
1116 3531 1221 3591 inutile
1246 3542 1292 3592 est
1313 3533 1344 3590 in
1365 3531 1541 3607 quaestione

213 3631 328 3691 difficili
351 3641 381 3691 et
402 3633 530 3690 obscura
551 3650 589 3691 ea
610 3650 686 3709 qnae
708 3633 768 3692 iam
790 3634 963 3693 tenebamus
985 3634 1151 3693 luculenter
1171 3634 1350 3693 confirmari.

179 3872 180 3875 Ὗ
262 3926 439 4022 xxiv.
498 3928 770 4023 rinvnvs
799 3926 1489 4025 ninnoonnsnnnnnsm

295 4138 466 4212 Kassabae‚
488 4142 539 4216 qni
555 4149 601 4200 est
618 4141 703 4199 locus
722 4141 798 4198 iuter
812 4141 996 4217 Magnesiam
1017 4143 1055 4200 ad
1070 4140 1206 4220 Sipylum
1228 4140 1393 4213 essuries,
1413 4141 1543 4200 fortasse

213 4240 338 4317 antiqua
352 4241 589 4301 Hierocaesarea
611 4242 662 4317 (cf.
680 4240 714 4301 C.
730 4242 753 4299 Ι.
769 4240 822 4302 Gr.
838 4243 880 4313 ΙΙ,
893 4242 987 4314 34523
1010 4242 1337 4320 Lebas·Waddington
1358 4265 1386 4302 n.
1403 4243 1488 4319 617),
1512 4244 1542 4302 in

214 4345 391 4404 coemeterio
414 4346 543 4404 Turcico
574 4345 690 4403 titulum
718 4345 847 4422 repperit
874 4345 953 4404 idem
979 4347 1024 4404 vir
1050 4347 1125 4404 bene
1155 4346 1191 4404 de
1217 4347 1264 4404 his
1289 4346 1396 4405 littaris
1418 4347 1542 4405 meritus

213 4444 443 4524 Papadopulus,
471 4469 489 4506 a
515 4465 576 4523 quo
603 4457 723 4506 senatus
750 4447 919 4506 consultum
947 4448 1182 4524 Adramytenum
1210 4450 1325 4525 accepi,
1359 4467 1486 4524 eumque
1513 4456 1544 4506 et

214 4547 307 4606 edidit
329 4549 358 4605 in
380 4550 569 4625 ephemeride
591 4568 682 4627 sopra
704 4549 795 4608 citata
816 4551 911 4609 musei
935 4547 1091 4627 Smyrnaei
1113 4551 1202 4609 vol.I
1224 4570 1252 4626 p.
1272 4551 1329 4611 118
1356 4559 1386 4610 et
1412 4550 1543 4628 descrip-

214 4656 279 4708 tum
306 4651 379 4709 mihi
405 4653 495 4710 misit.
544 4649 639 4725 Quem
666 4670 731 4710 cum
758 4653 975 4711 intellexissem
1002 4652 1147 4729 quaedam
1175 4653 1285 4711 habere
1311 4671 1370 4710 non
1396 4652 1543 4729 uulgaria,

214 4750 285 4811 item
303 4753 442 4812 hocloco
462 4754 550 4813 edere
565 4754 716 4826 constitui,
739 4755 868 4814 maxime
889 4775 955 4813 cum
973 4755 1132 4814 verendum
1151 4764 1242 4826 esset,
1263 4774 1300 4813 ne
1319 4754 1398 4832 apud
1412 4772 1467 4813 nos
1483 4773 1544 4812 non

293 5001 318 5065 ¹)
337 5004 426 5053 Nimia
444 5005 524 5069 igitur
540 5006 635 5056 fiducia
654 5006 681 5056 in
701 5006 749 5056 hac
762 5005 820 5070 eph.
834 5006 877 5057 III
897 5007 1141 5072 praecantatum
1161 5007 1342 5071 imperatorem
1357 5007 1480 5058 Claudiae
1499 5007 1543 5055 tri·

216 5094 260 5143 bui
284 5095 416 5160 adscripsi.
457 5097 577 5148 Ceterum
601 5106 630 5147 nt
653 5100 709 5162 ipse
733 5100 759 5148 in
785 5099 836 5148 alia
860 5099 945 5160 fuerit,
971 5116 1024 5150 non
1049 5102 1133 5150 minus
1158 5106 1226 5150 recte
1255 5100 1363 5150 honoris
1387 5101 1441 5150 eins
1466 5112 1543 5149 causa

216 5187 335 5237 coloniae
354 5187 386 5236 ab
406 5203 437 5237 eo
456 5192 608 5240 constitutae
628 5192 654 5239 in
674 5190 810 5240 Claudiam
830 5189 924 5241 tribum
944 5193 1035 5241 referri
1055 5199 1203 5256 potuemnt.
