3474 5812
554 528 852 581 oasauvaurouas
880 526 1166 578 aeroasnmoaa.
1452 507 1524 579 247

240 704 331 762 fortasse
349 707 438 762 etiam
460 705 491 761 in
515 704 602 761 tertia
625 702 735 762 Luccio
753 701 852 776 V(tt1·)
875 701 996 777 s(erua).
1045 698 1123 760 Sane
1146 701 1175 759 in
1198 701 1253 757 hac
1275 708 1304 756 et
1327 700 1426 757 obstat
1447 700 1528 774 quod

238 808 321 865 interv
340 814 367 864 et
388 821 403 863 s
427 817 569 881 punctum
592 806 703 864 nullum
726 806 864 876 cernitur,
892 815 921 862 et
948 805 1017 861 licet
1044 804 1174 879 cogitare
1201 803 1237 859 de
1264 803 1439 878 cognomine
1465 822 1528 859 mu·

238 907 294 968 lieris
318 927 371 966 non
405 910 588 985 perscripto,
621 908 650 966 id
684 909 761 984 quod
796 908 825 966 iu
859 906 1086 984 cognominibus
1118 906 1322 962 libertinorum
1345 905 1528 980 aliquamdiu

238 1010 315 1069 lautu
337 1010 392 1068 fuit
419 1011 642 1085 (rrimForsclt.
662 1011 773 1086 1,58);
795 1021 950 1087 practerea
972 1010 1045 1065 hacc
1067 1008 1219 1082 aliquanto
1243 1008 1389 1066 recentior
1417 1020 1463 1065 est
1489 1009 1526 1065 iis

237 1130 289 1189 quta
303 1113 487 1189 praecedunt.
525 1113 664 1188 Denique
685 1131 721 1168 nc
745 1113 801 1169 hoc
822 1113 943 1188 quidem
965 1120 1077 1169 certum
1101 1118 1147 1167 est
1166 1097 1431 1168 mulieremalieni
1452 1111 1527 1167 iuris

235 1215 321 1290 antiquo
341 1222 473 1292 ampore
495 1233 613 1274 servam
634 1215 691 1272 dici
713 1215 860 1290 potuisse;
883 1214 1006 1290 proprio
1028 1213 1106 1270 euim
1126 1213 1270 1270 vocabulo
1293 1212 1404 1270 ancilla
1426 1212 1527 1289 appel-

234 1314 288 1374 latur
302 1335 349 1374 nec
370 1317 427 1374 uisi
451 1318 574 1394 proprio
596 1317 800 1375 innotatione
823 1317 865 1373 uti
888 1317 965 1374 licet.
1004 1314 1148 1387 Quaestio
1171 1315 1271 1372 decisa
1293 1315 1379 1387 foret,
1402 1315 1427 1371 si
1450 1316 1527 1372 inter

233 1416 303 1476 titulos
319 1419 382 1477 aevi
405 1420 512 1478 remoti
532 1420 567 1478 ad
591 1419 729 1476 ancillam
752 1420 903 1495 pertinens
927 1419 1120 1493 reperiretur3
1145 1417 1197 1474 sed
1219 1425 1250 1473 ut
1273 1434 1426 1475 servorum
1447 1436 1525 1475 com·

233 1517 301 1597 plats
322 1529 424 1579 extant
449 1541 517 1579 cum
543 1521 694 1597 adscripta
723 1522 968 1579 determinatione
994 1537 1067 1579 m·s
1090 1519 1136 1577 vel
1161 1535 1225 1576 e·s
1247 1527 1276 1577 et
1303 1520 1346 1576 sic
1375 1519 1524 1596 deinceps,

232 1619 305 1682 sinilia
330 1623 464 1682 mulieris
492 1625 588 1683 adhuc
609 1624 690 1699 quod
713 1625 804 1682 seiam
827 1624 927 1682 nullus
950 1623 1080 1680 emersit.
1096 1655 1136 1666 -
1153 1621 1211 1682 Sed
1236 1632 1268 1679 ut
1288 1621 1411 1679 missam
1434 1621 1525 1679 facia-

232 1739 275 1782 uus
293 1727 402 1784 tertiam
429 1727 664 1802 inscriptionem,
691 1727 805 1804 primae
829 1736 858 1784 et
884 1727 1032 1783 secundae
1055 1725 1260 1801 interpretatio
1284 1744 1350 1781 cum
1372 1734 1454 1782 certa
1477 1725 1524 1796 sit,

231 1823 324 1886 tonsae
350 1829 524 1904 explanatio
553 1849 670 1905 quoque
694 1830 836 1905 suppetit,
864 1829 915 1903 qui
942 1827 1005 1885 fieri
1033 1828 1171 1902 potuerit,
1195 1837 1225 1885 ut
1252 1826 1304 1903 qui
1331 1827 1525 1903 praenomine

230 1936 250 1985 ct
270 1931 371 1990 nomine
396 1931 547 2008 gentilicio
578 1934 670 1990 utitur
690 1933 770 1989 idem
794 1931 908 1988 dicatur
927 1930 990 1988 Viti
1017 1930 1061 1986 vel
1086 1929 1142 1985 Titi
1168 1948 1275 1986 aereus.
1320 1927 1399 1988 Olim
1423 1929 1524 1987 monui

226 2025 287 2102 (aa
296 2033 405 2092 Forach.
422 2036 449 2106 l,
466 2033 525 2092 358
539 2034 616 2110 seq.)
639 2035 800 2093 secundum
824 2052 958 2091 normam
981 2032 1054 2090 iuris
1074 2031 1274 2108 antiquissimi
1295 2049 1399 2089 servos
1422 2036 1530 2088 mauu?

223 2130 281 2191 nitri
299 2153 353 2194 non
379 2136 516 2213 potuisse
547 2145 576 2194 et
603 2138 654 2212 qui
681 2155 770 2194 mauu
797 2137 880 2193 missi
909 2143 1020 2205 essent,
1048 2154 1116 2191 vere
1145 2153 1203 2190 non
1236 2143 1294 2192 tam
1323 2134 1434 2192 liberos
1462 2133 1523 2191 fieri

218 2246 289 2307 quam
309 2238 339 2296 in
358 2238 495 2296 libertate
518 2240 637 2297 morari.
680 2239 754 2297 Inde
776 2247 808 2295 ut
830 2237 1004 2313 explicatur,
1034 2237 1115 2313 quod
1136 2237 1267 2296 libertini
1293 2238 1323 2294 in
1345 2236 1447 2295 multis
1474 2236 1524 2292 de-

171 2378 174 2383 ·
214 2336 313 2398 bencus
333 2341 406 2400 iuris
430 2351 499 2399 sunt
521 2341 568 2416 (ut
589 2341 666 2398 inter
688 2342 749 2398 alia
770 2348 915 2417 patronus
937 2342 975 2398 iis
999 2340 1109 2415 pariter
1136 2338 1197 2398 fere
1226 2350 1314 2415 atque
1337 2340 1432 2397 servis
1459 2338 1522 2396 suis

208 2434 290 2499 ludex
307 2454 360 2515 est,
383 2453 415 2502 ut
443 2444 527 2502 iussu
549 2445 613 2502 eius
635 2444 723 2501 etiam
747 2444 844 2519 capite
866 2443 1050 2520 plectantur;
1074 2442 1140 2500 vide
1163 2442 1183 2500 l.
1199 2461 1223 2499 c.
1247 2462 1276 2517 p.
1293 2440 1352 2499 368
1367 2440 1453 2517 seq.),
1480 2440 1524 2497 ita

154 2580 157 2599 .
203 2532 296 2615 ipsum
318 2546 394 2604 servi
420 2546 598 2604 vocabulum
626 2546 662 2603 de
689 2546 828 2604 libertino
851 2564 969 2622 quoque
995 2555 1166 2620 usurpatur.
1211 2543 1317 2603 Cicero
1340 2543 1378 2600 ad
1399 2543 1469 2601 fam.
1494 2543 1523 2613 5,

154 2648 156 2663 '
183 2634 295 2714 '²⁰12
319 2667 383 2706 eum
411 2649 510 2726 ipsum
537 2667 624 2724 quem
648 2656 736 2705 antea
763 2648 881 2707 dixerat
902 2649 945 2705 M.
973 2647 1095 2704 Tullium
1117 2647 1239 2705 scribam
1261 2666 1349 2705 meum
1371 2664 1441 2704 mox
1463 2663 1522 2703 ser-

165 2818 169 2825 ,
199 2759 276 2804 vua
295 2767 375 2808 snum
403 2750 536 2827 appellat
562 2751 674 2826 (accepi
700 2771 719 2808 a
745 2771 803 2808 meo
829 2769 908 2808 servo
935 2749 1052 2824 scribo).
1091 2747 1233 2809 Similiter
1254 2749 1370 2807 titulum
1394 2748 1522 2824 optimae

199 2850 304 2909 matis
323 2851 491 2930 Hispanum
515 2850 792 2929 Carthaginiensem
820 2851 1164 2928 (c.v01.11n.3495):
1193 2852 1290 2909 Plotia
1313 2849 1350 2909 L.
1374 2860 1400 2909 et
1421 2851 1523 2926 Fufius

154 3000 157 3005 .
201 2944 228 3004 Ῐ-
264 2949 342 3012 Roas
372 2956 442 3014 baec
473 2959 625 3014 vocitatust
657 2956 765 3014 ancilla
797 2956 857 3014 heic
889 2959 972 3013 sitast
1007 2974 1065 3013 non
1098 2957 1141 3012 ita
1173 2954 1337 3029 acceperim
1368 2954 1521 3011 mulierem

203 3046 277 3111 dum
292 3068 365 3116 esset
386 3058 497 3116 ancilla
518 3059 639 3134 Phryne
663 3058 807 3117 vocabulo
830 3077 916 3116 usum
939 3076 1015 3130 esse,
1039 3057 1091 3115 sed
1119 3077 1183 3115 eam
1212 3058 1282 3114 licet
1308 3056 1522 3114 manumissam

204 3150 384 3219 nihilominus
407 3161 547 3218 ancillam
572 3160 726 3238 appellari.
765 3160 849 3218 llaec
873 3161 897 3217 si
921 3161 962 3218 ita
984 3161 1175 3218 obtinuerunt
1197 3169 1293 3216 aetate
1314 3157 1521 3226 Ciceroniana,

187 3268 270 3313 mon
284 3262 379 3321 mirum
401 3273 448 3321 est
469 3263 586 3322 duobus
608 3263 738 3321 saeculis
760 3271 848 3321 antea
870 3264 1005 3321 homines
1028 3282 1046 3319 a
1068 3262 1188 3320 domiuo
1211 3262 1411 3319 manumissos
1434 3259 1522 3318 simul

216 3362 250 3411 02
266 3358 392 3425 libertatis
418 3366 530 3424 indicia
556 3385 627 3442 prae
655 3384 688 3424 se
715 3366 820 3425 tulisse
848 3366 1006 3440 adsumpto
1033 3365 1152 3423 nomine
1178 3363 1328 3442 gentilicio
1354 3373 1383 3420 et
1409 3361 1521 3419 domini

221 3467 366 3527 mmmm
388 3469 548 3545 agnovisse
571 3469 688 3528 adiecto
711 3471 790 3528 servi
812 3468 967 3527 vocabulo.
1241 3463 1256 3477 ‘

404 3782 631 3877 xxvru.
691 3781 1010 3878 caesenas
1040 3779 1307 3876 Avarus.

286 3992 459 4051 amoeniora
487 3996 606 4072 ingenia
635 3997 784 4055 abstinere
814 4016 832 4054 a
860 3995 1058 4054 monumentis
1091 3996 1202 4052 nostris
1235 4013 1295 4052 non
1324 3994 1422 4051 minus
1452 3993 1520 4051 hor·

229 4078 279 4147 filit
298 4111 379 4169 quam
409 4097 502 4154 aridis
530 4107 561 4156 ut
589 4119 646 4156 non
674 4099 930 4175 reprehendimus
958 4099 1001 4155 ita
1023 4098 1047 4154 si
1070 4100 1121 4174 qui
1147 4098 1226 4155 tituli
1253 4097 1447 4171 hominesque
1470 4117 1520 4154 ex-

156 4222 163 4247 =
228 4193 355 4264 ttationem
385 4199 509 4269 faciunt,
535 4201 709 4276 gaudemus.
753 4201 909 4259 Eiusmodi
939 4201 1041 4258 favore
1069 4200 1213 4276 singulari
1239 4218 1305 4256 cum
1335 4200 1376 4257 uti
1404 4199 1521 4256 soleant

205 4284 280 4352 llll
302 4319 351 4376 per
380 4319 412 4360 se
443 4320 537 4377 neque
565 4302 642 4362 docti
673 4322 768 4379 neque
798 4303 918 4361 iucundi
950 4303 1117 4379 aurigarum
1153 4302 1234 4359 urbis
1260 4301 1375 4359 Romae
1410 4301 1520 4376 unique

206 4396 295 4458 ‘mm
318 4401 437 4461 fortuna
464 4404 506 4462 ita
533 4406 681 4475 arriserit,
709 4416 742 4463 ut
769 4416 922 4480 poetarum
949 4405 1000 4479 qui
1029 4404 1118 4479 hodie
1145 4404 1224 4480 apud
1252 4422 1307 4462 nos
1335 4413 1406 4461 sunt
1431 4403 1520 4461 facile

215 4495 329 4582 filicem
349 4524 417 4563 eum
442 4524 497 4564 suo
519 4508 764 4566 commentariolo
787 4508 952 4575 illustrarit,
982 4507 1114 4584 collegae
1136 4507 1200 4564 eius
1223 4504 1377 4564 Crescenti
1400 4506 1518 4563 nomine

218 4596 273 4662 tias
293 4608 443 4679 successit,
472 4617 504 4667 ut
529 4610 648 4667 titulum
675 4612 739 4667 eius
767 4630 862 4685 nuper
883 4609 997 4667 Romae
1023 4609 1209 4668 eruderatum
1234 4610 1330 4685 prima
1352 4607 1454 4667 ederet
1474 4607 1517 4664 in-

214 4708 401 4784 tupretatione
428 4711 531 4770 addita
557 4730 617 4770 non
644 4712 738 4770 solum
766 4712 903 4786 eleganti,
931 4711 983 4768 sed
1010 4713 1098 4769 etiam
1122 4712 1224 4770 subtili
1247 4711 1352 4769 mulier
1372 4710 1518 4785 imprimis

209 4808 346 4886 &lepida
374 4820 403 4870 et
428 4813 516 4871 docta
543 4833 638 4889 eaque
660 4813 841 4872 descendens
865 4815 994 4872 sortasse
1016 4834 1053 4871 ex
1075 4814 1178 4890 aliqua
1200 4815 1365 4891 puellarum
1389 4813 1517 4884 illarum,

205 4926 270 4989 ‘tusa
289 4912 374 4991 ipsse
396 4915 455 4989 ipsi
478 4912 632 4974 Crescenti
656 4926 723 4974 ante
746 4917 865 4974 saecula
879 4896 1073 4991 plauserunt.
1117 4916 1148 4973 ls
1170 4917 1276 4976 titulus
1299 4926 1434 4994 repertus
1457 4915 1518 4972 Ito-

210 5030 259 5075 ιω
278 5014 308 5073 d.
324 5013 372 5076 20.
388 5017 460 5074 Mai.
483 5036 510 5074 a.
530 5016 608 5077 1878
631 5018 661 5077 in
683 5019 788 5077 cloaca
810 5018 847 5076 ad
869 5020 948 5077 viam
965 5020 1063 5089 Pacis,
1085 5019 1181 5075 editus
1205 5027 1301 5077 autem
1324 5039 1343 5077 a
1364 5020 1518 5077 comitissa

206 5114 323 5204 desiliat
343 5115 469 5178 Castani
490 5119 648 5180 Lovatelli-
660 5120 742 5187 ine·
862 5119 905 5176 ida
919 5121 1077 5180 Ballcttiao
1094 5123 1171 5179 della
1191 5126 1383 5181 corirntt'ssioae
1403 5124 1515 5180 archeo-

207 5223 285 5299 spica
306 5222 455 5281 mmuaalc
475 5225 506 5280 ia
527 5222 622 5282 Bam
642 5240 670 5283 a.
937 5222 1065 5300 34scq.,
1089 5225 1132 5282 sic
1155 5233 1314 5302 conceptus
1337 5233 1392 5281 est.
