3474 5812
708 474 1068 536 vauanauonvuovu.
1473 459 1546 530 499

304 648 335 723 ⁶)
370 645 404 706 C.
421 647 599 708 Vettuleuus
621 646 725 707 Civica
745 646 872 708 CeriaIIs
891 650 971 708 iusto
993 649 1111 708 nomiae
1133 669 1211 708 nuuc
1233 650 1349 709 demum
1372 652 1547 726 innotescit;

219 771 288 810 nam
303 751 353 827 qui
368 769 463 826 nuper
479 750 515 808 de
530 769 565 808 eo
581 760 705 829 egerunt
722 750 785 809 Leo
800 751 910 811 Reuier
929 752 1049 826 (curceii
1063 754 1097 810 dc
1109 770 1210 827 pacare
1223 753 1258 810 de
1275 752 1356 811 Titus
1372 772 1401 829 p.
1414 755 1453 812 34
1466 757 1545 831 seq.)

217 861 247 911 et
262 853 464 928 Waddingtou
488 853 539 925 (ad
553 852 715 911 Lebasium
729 853 778 911 ΙΙΙ
798 873 828 930 p.
841 854 926 928 709),
947 872 999 913 eos
1021 855 1079 912 iarn
1097 862 1221 930 apparet
1236 853 1310 912 duos
1325 855 1460 914 homines
1475 875 1544 916 cou-

217 955 345 1027 fudisse,
374 952 446 1013 Sex.
468 954 657 1014 Vettulenum
681 954 829 1015 Cerialem
857 965 887 1014 et
912 956 990 1014 hunc
1013 953 1048 1015 C.
1070 955 1263 1015 Vettulenum
1286 953 1420 1015 Ciuicam
1442 956 1543 1019 CerIa·

217 1058 275 1116 lem
298 1057 377 1115 illius
401 1057 507 1134 opinor
528 1058 631 1116 filium.
667 1057 708 1115 Et
726 1058 808 1116 illius
828 1057 947 1133 quidem
970 1058 1027 1116 tria
1046 1059 1167 1116 nomiua
1186 1058 1250 1116 sine
1269 1057 1433 1118 honoribus
1456 1061 1546 1120 habet

217 1159 321 1217 titulus
343 1159 531 1217 venafranus
558 1159 582 1216 I.
598 1159 634 1217 R.
650 1158 690 1217 N.
713 1159 794 1218 4636
822 1161 859 1218 ab
887 1179 980 1219 uxore
1010 1160 1074 1218 eius
1100 1163 1216 1236 positus
1247 1161 1325 1235 patri
1354 1163 1543 1237 equestribus

216 1261 330 1319 militiis
347 1262 402 1318 sub
417 1263 554 1336 Augusto
575 1272 605 1318 ot
622 1262 745 1320 Tiberio
767 1263 884 1334 tunct03
907 1264 1031 1322 eundem
1053 1261 1132 1321 bello
1153 1261 1278 1320 Iudaico
1299 1280 1326 1322 a.
1344 1261 1436 1321 69170
1459 1263 1541 1324 Iose-

217 1365 294 1439 phus
308 1365 336 1434 3,
350 1363 378 1431 7,
392 1365 429 1421 34
444 1374 472 1421 et
485 1363 512 1434 6,
526 1365 555 1435 4,
568 1364 584 1420 3
602 1364 664 1439 (ubi
677 1373 724 1423 est
735 1354 843 1445 Σέξτος
855 1356 1006 1447 Κερεάλιος
1020 1372 1050 1423 et
1065 1354 1175 1445 Σίξτου
1187 1357 1348 1445 Κοριαλίου)
1363 1373 1393 1424 et
1409 1369 1437 1440 3,
1451 1367 1479 1441 7,
1492 1366 1541 1426 32.

216 1469 246 1539 4,
262 1467 324 1537 9,9
352 1465 414 1538 (ubi
437 1474 483 1523 est
504 1456 650 1546 Κεριάλιος
672 1468 720 1525 vel
742 1456 906 1547 Κερεάλιος)
928 1474 958 1524 et
979 1467 1007 1539 7,
1028 1467 1056 1539 6,
1080 1468 1093 1524 1
1118 1465 1182 1540 (ubi
1204 1476 1251 1524 est
1271 1459 1423 1548 Κερεαλίου
1446 1463 1541 1527 Oricu-

216 1567 327 1643 λιανοῦ)
348 1567 448 1626 scribit
467 1569 630 1642 praefuisse
645 1569 754 1645 legioni
770 1569 799 1627 V
812 1569 1032 1628 Macedonicae.
1070 1566 1137 1641 Quo
1156 1568 1224 1626 loco
1244 1570 1271 1626 ei
1289 1569 1459 1645 praetuerit,
1482 1590 1542 1630 non

214 1680 275 1728 taur
301 1679 413 1729 certum
439 1678 485 1727 est
510 1689 598 1746 quam
627 1673 743 1730 somnia
772 1689 841 1730 esse
871 1690 948 1746 quae
972 1669 1130 1728 Renierius
1157 1670 1214 1729 hac
1237 1670 1393 1730 occasione
1419 1674 1543 1748 protulit

215 1775 251 1831 de
276 1772 425 1849 praefecto
454 1773 585 1847 equitum
611 1773 752 1851 legionis,
782 1773 832 1849 qui
859 1773 958 1833 nullus
985 1791 1125 1848 umquam
1150 1772 1220 1843 fuit,
1251 1772 1419 1850 similiaque
1445 1776 1540 1851 plura.

214 1878 305 1951 Apud
328 1876 488 1952 Iosephum
511 1875 588 1951 quod
611 1876 718 1954 legitur
740 1877 769 1949 3,
786 1875 813 1947 7,
830 1874 885 1935 32:
913 1865 1043 1958 ἔπαρχον
1068 1859 1135 1932 ivea
1160 1875 1213 1932 τοῦ
1237 1864 1364 1943 uiuus-ou
1391 1865 1540 1953 τάγματος

216 1988 244 2035 et
272 1980 300 2049 6,
320 1980 349 2049 4,
371 1979 404 2036 3:
435 1972 465 2034 τό
492 1967 615 2043 πέμπτον
640 1963 763 2054 άγοντος
788 1967 889 2052 τάγμα
915 1997 950 2036 eo
978 1978 1088 2036 ducunt
1117 1987 1168 2035 aut
1198 1976 1328 2054 legatum
1353 1998 1420 2036 eum
1446 1980 1539 2039 fuisse

213 2091 263 2139 aut
285 2091 363 2138 certe
385 2080 565 2157 praefectum
585 2079 666 2138 vices
684 2081 775 2157 legati
796 2079 968 2151 facientem3
991 2080 1064 2137 illud
1087 2079 1224 2153 equidem
1245 2079 1447 2155 praetulerim,
1470 2101 1537 2141 cum

212 2183 388 2259 praesertim
414 2183 442 2254 7,
463 2182 491 2254 6,
514 2184 527 2240 1
557 2182 697 2240 addatur:
728 2181 767 2242 οἷς
797 2176 848 2254 cclv
871 2174 1012 2239 Ἰουδαίαν
1041 2172 1222 2264 πρεσβευτιίς
1249 2175 1395 2244 Λουκιλιος
1421 2173 1537 2246 Βάσσος

211 2273 390 2360 ἐκπεμφθείς
414 2272 462 2340 uui
487 2277 536 2354 τὴν
557 2277 691 2366 στρατιάν
712 2279 792 2366 παρά
813 2275 963 2368 Κερεαλίου
988 2278 1171 2340 Οόοτιλιανοῦ
1191 2271 1383 2367 παραλαβοίν.
1427 2282 1539 2346 Contra

211 2389 261 2464 qui
284 2388 378 2444 Iacere
400 2386 518 2445 videtur
538 2385 621 2445 locus
644 2387 673 2458 3,
689 2388 717 2459 7,
734 2388 786 2445 34:
810 2377 919 2468 Σίξτος
940 2408 980 2446 τις
1001 2374 1149 2464 Κερεάλιος
1170 2377 1332 2467 χιλίαρχος
1356 2376 1403 2443 καί
1429 2379 1538 2446 Πλάκι-

212 2486 260 2551 δος
289 2490 441 2547 evidenter
468 2489 631 2548 mendosus
660 2503 706 2547 est
735 2497 765 2547 et
793 2489 835 2546 ita
864 2487 925 2545 fere
954 2488 1147 2564 corrigendus
1177 2477 1288 2568 Σέξτος
1315 2478 1462 2569 Κεριοίλιος
1489 2480 1536 2548 καὶ

210 2582 370 2671 χιλίαρχος
396 2613 436 2650 τις
461 2581 614 2658 Πλάκιδος,
640 2591 764 2650 alterius
789 2592 867 2648 cuim
893 2591 997 2667 paullo
1022 2600 1091 2648 ante
1116 2590 1266 2665 Iosephus
1288 2591 1471 2651 meminerat.
1494 2627 1535 2636 -

208 2694 356 2752 Diversus
382 2704 428 2751 est
456 2692 490 2752 C.
514 2692 691 2752 Vettulenus
721 2691 825 2752 Civica
851 2691 992 2767 Cerialis,
1019 2711 1106 2770 quem
1133 2692 1237 2751 titulus
1267 2689 1535 2754 Chersonesitauus

209 2796 318 2853 allatus
344 2817 363 2854 a
384 2796 630 2872 Waddingloni0:
658 2811 811 2855 ....·.6’.
828 2839 862 2855 ..
888 2797 1021 2879 Κεριάλιν
1049 2784 1252 2877 αὐτοκράτορος
1280 2789 1536 2874 Οὖ[οο]ταοιανοῦ

206 2890 349 2981 Καίταρος
371 2890 532 2962 Σεβαστοῦ
556 2889 736 2978 πρεσβευτὴν
758 2886 805 2954 aul
826 2888 1047 2976 άντιττράτηχον
1073 2897 1202 2955 ostendit
1229 2897 1394 2973 imperante
1416 2900 1532 2977 Vespa·

208 3003 292 3060 siano
314 3001 448 3058 Moesiae
469 3001 644 3078 praefuisse,
670 3001 743 3059 haec
764 3000 814 3057 lex
837 3018 864 3057 a.
881 2998 919 3058 82
943 3000 1014 3057 item
1034 2998 1167 3057 Moesiae
1187 2999 1315 3075 legatum
1339 2999 1418 3073 tacit,
1441 3011 1472 3060 ut
1493 3005 1530 3060 ab

207 3123 233 3163 a.
258 3113 336 3161 certe
355 3103 404 3174 79,
430 3121 490 3178 quo
516 3103 590 3160 obiit
610 3101 830 3178 Vespasianus,
857 3101 894 3158 ad
916 3119 943 3157 a.
961 3099 999 3158 82
1021 3119 1087 3157 eum
1110 3099 1206 3157 locum
1229 3100 1388 3160 obtinuerit
1409 3121 1532 3162 necesse

206 3207 252 3264 sit.
286 3206 368 3263 Idem
392 3213 439 3264 est
458 3203 562 3263 Civica
581 3202 707 3262 Cerialis
729 3204 846 3280 inipso
870 3203 963 3260 Asiae
986 3200 1198 3278 proconsulatu
1217 3202 1318 3277 paullo
1341 3213 1419 3275 ante,
1441 3223 1530 3281 quam

205 3308 364 3389 Agricolae
392 3308 428 3365 de
454 3326 489 3365 eo
519 3305 703 3365 sortiendum
731 3313 804 3377 erat,
834 3325 852 3363 a
877 3304 1051 3362 Domitiano
1077 3305 1194 3362 occisus
1225 3303 1365 3380 (Tacitus
1385 3308 1458 3382 Agr.
1474 3306 1529 3379 42;

205 3408 365 3469 Suetonius
388 3410 477 3468 Dour.
501 3407 562 3483 10).
591 3443 626 3452 —
655 3409 741 3466 Acus
763 3408 812 3466 hic
832 3407 928 3465 fuisse
954 3405 1072 3464 videtur
1096 3405 1226 3464 consulis
1252 3406 1395 3466 ordinarii
1421 3427 1448 3467 a.
1471 3410 1528 3467 137

205 3511 274 3572 Sex.
293 3511 444 3569 Vettuleni
468 3510 588 3570 Civicae
610 3510 795 3587 Pompeiani

290 3613 320 3690 ²)
353 3612 515 3672 Consulum
539 3613 642 3671 horum
665 3613 786 3671 nomina
807 3611 877 3670 alibi
899 3629 957 3669 non
979 3609 1108 3686 repperi,
1136 3611 1193 3668 nisi
1219 3611 1296 3669 sorte
1322 3612 1444 3671 alterius
1466 3633 1526 3671 me-

203 3717 287 3774 rniuit
310 3714 413 3774 Celsus
440 3715 574 3792 aequalis
600 3715 693 3773 Plinii
719 3714 843 3773 iuniorIs
870 3713 962 3790 (apud
984 3711 1146 3789 Ulpianum
1169 3711 1435 3789 Dig.17,1‚16):
1464 3736 1526 3774 cum

204 3818 339 3875 Aurelius
360 3818 476 3888 Quietus
498 3819 603 3892 hospiti
624 3837 674 3876 suo
696 3818 801 3875 medico
822 3817 974 3874 mandasse
996 3817 1143 3884 diceretur,
1165 3823 1196 3872 ut
1216 3819 1246 3872 iu
1268 3816 1357 3874 uertit
1376 3820 1436 3875 ciue
1454 3836 1525 3893 quos

202 3921 354 3977 Rauennae
376 3919 508 3990 talebot,
534 3924 563 3977 ia
589 3938 659 3996 quos
685 3919 812 3977 omuibus
838 3921 921 3976 aunis
947 3917 1073 3976 secedere
1098 3915 1219 3987 solebat,
1245 3918 1476 3993 sphaeristerium
1499 3929 1524 3978 ct

201 4023 374 4098 hypocausta
394 4032 420 4078 et
440 4023 581 4096 quaedam
602 4025 692 4097 ipsius
713 4020 870 4080 ualetudini
890 4030 961 4095 apta
982 4036 1036 4077 cua
1059 4021 1186 4094 impensa
1200 4020 1321 4093 faceret.

289 4121 318 4198 ὃ)
350 4123 382 4181 in
404 4123 544 4198 capitolio
566 4142 617 4181 οια.
641 4134 708 4182 ectr.

287 4226 316 4301 ⁹)
349 4225 379 4283 in
402 4225 468 4283 trib.
494 4258 535 4266 —
562 4224 714 4284 domitiani
741 4245 794 4284 cm.
821 4228 906 4284 intus.
956 4225 1037 4283 Inter
1062 4225 1131 4284 loca
1156 4223 1223 4283 aedi
1250 4223 1330 4283 Iovis
1360 4222 1523 4301 Capitolini

201 4329 349 4404 proxima,
371 4328 402 4384 in
424 4327 530 4403 quibus
550 4328 587 4385 ad
608 4347 635 4386 a.
655 4336 734 4386 certe
750 4328 788 4387 86
808 4348 879 4386 aera
899 4328 973 4386 haec
987 4328 1156 4403 figebantur
1170 4325 1242 4400 (vol.
1259 4325 1305 4383 111
1319 4345 1349 4403 p.
1366 4325 1450 4400 916),
1474 4327 1523 4383 tri-

200 4430 317 4487 bunalis
339 4430 535 4488 meminerunt
550 4430 608 4489 duo
627 4448 728 4488 eorum
747 4449 775 4489 a.
791 4429 830 4489 86
852 4451 880 4489 u.
895 4429 985 4488 XIII.
1001 4429 1077 4488 XIV
1097 4430 1153 4488 sic:
1177 4432 1208 4486 ia
1225 4429 1366 4503 Capitolio
1382 4438 1450 4503 post
1466 4437 1523 4486 tro-

196 4551 272 4606 paea
297 4531 461 4590 Germanici
482 4536 512 4588 in
534 4534 671 4591 tribunali
693 4551 764 4608 quae
786 4543 850 4591 auat
870 4533 910 4589 ad
930 4535 1028 4590 aedem
1050 4532 1132 4590 Ftdci
1149 4550 1181 4606 p.
1202 4530 1240 4588 R.
1277 4528 1403 4587 Videtur
1424 4539 1522 4589 tamen

200 4634 325 4690 tribuual
349 4633 520 4692 Germanici
546 4634 590 4709 (id
612 4635 708 4711 ipsum
732 4635 848 4711 opinor,
873 4635 956 4692 cuius
983 4633 1117 4693 meminit
1142 4640 1264 4691 senatus
1289 4632 1457 4690 consultum
1484 4633 1521 4691 de

197 4754 322 4792 excessu
343 4736 404 4792 eius
421 4736 464 4792 VI
484 4758 512 4794 n.
528 4735 587 4794 912
609 4757 636 4794 v.
656 4736 707 4794 12:
730 4741 759 4794 r'u
781 4737 920 4796 tribunali
941 4736 1109 4810 marmoreo)
1132 4736 1281 4794 diuersum
1300 4734 1393 4793 fuisse
1410 4735 1448 4792 ab
1464 4735 1521 4792 hoc

197 4838 311 4895 Fluvio.
355 4838 547 4896 inveniuntur
569 4840 728 4914 aIIqaoties
751 4839 925 4910 tribunalia,
952 4839 1014 4897 fere
1037 4846 1069 4895 ut
1090 4856 1170 4909 arae,
1192 4837 1281 4896 modo
1302 4837 1448 4896 defunctIs
1470 4837 1520 4895 de·

195 4940 292 4997 dicata
314 4940 426 4997 honoro
446 4939 590 5016 singulari
607 4941 745 5016 (Tacitus
762 4961 828 4999 ann.
847 4940 874 5010 2,
892 4942 945 4999 83:
970 4941 1095 5000 tribuual
1108 4940 1313 5016 Epidaphnae,
1337 4960 1391 5016 quo
1409 4942 1439 4996 ia
1459 4938 1518 4996 loco

195 5047 281 5099 vitam
295 5043 414 5116 finierat
436 5040 647 5118 Germanicus)
670 5063 723 5101 nec
745 5044 801 5102 nisi
823 5043 1010 5121 permittente
1031 5043 1158 5120 collegio
1179 5042 1353 5118 pontificum
1374 5040 1426 5116 (cf.
1449 5040 1517 5100 titu-

194 5143 243 5201 lus
266 5143 495 5204 Beneventanus
517 5145 540 5203 Ι.
556 5144 592 5203 R.
608 5143 648 5204 N.
668 5166 696 5204 n.
712 5147 804 5206 1537:
827 5166 877 5205 uas
898 5148 1034 5206 disemum
1049 5190 1056 5206 .
1069 5190 1076 5207 .
1089 5188 1097 5202 .
1106 5149 1205 5223 posuit
1219 5155 1246 5205 et
1258 5143 1384 5205 tribum
1401 5160 1436 5203 ea
1450 5161 1518 5223 per·
