3494 5812
301 477 374 546 250
877 496 1056 548 uoarussu

384 668 506 726 Diocles
534 681 692 744 postquam
722 687 876 726 numerum
899 669 1092 727 certaminum
1117 669 1226 743 posuit,
1255 668 1313 724 duo
1335 685 1444 743 genera
1466 670 1632 744 insigniora

300 770 343 826 ita
364 770 517 840 adscribit,
545 782 578 828 ut
602 771 632 827 in
659 789 781 827 nurnero
810 772 949 828 universo
976 790 1011 827 ca
1038 787 1156 843 quoque
1183 770 1482 845 comprehendantur,
1509 772 1630 844 scilicet,

299 871 322 928 si
352 881 431 928 recte
454 872 605 948 supplevi,
635 871 768 946 [pedibus
792 875 832 929 ud
853 871 1066 947 quudrr]9(am)
1089 869 1201 940 LXII,
1224 889 1242 926 a
1260 889 1368 946 pompa
1393 872 1464 942 CX,
1486 873 1575 947 plane
1599 881 1632 930 ut

299 973 336 1029 ad
364 991 516 1029 numerum
544 975 737 1031 certaminum
766 974 830 1030 sinc
858 974 990 1048 praemio
1017 983 1221 1048 susceptorum
1249 992 1285 1029 ea
1311 974 1489 1045 adiciuntur,
1518 976 1630 1049 quibus

299 1074 441 1132 victoriae
464 1076 620 1148 proximus
643 1076 708 1133 fuit.
750 1075 797 1132 De
820 1075 1032 1132 certaminibus
1053 1093 1072 1129 a
1090 1093 1199 1148 pompa
1222 1093 1281 1131 non
1304 1075 1398 1132 habeo
1421 1054 1498 1150 qdod
1522 1077 1629 1135 addam

299 1176 336 1233 iis
359 1195 437 1250 quae
460 1176 709 1234 Friedlaenderus
733 1178 768 1234 de
791 1178 828 1234 iis
850 1177 990 1252 exposuit
1012 1196 1040 1250 p.
1058 1174 1128 1245 488,
1152 1176 1210 1232 nisi
1232 1176 1321 1249 quod,
1344 1196 1412 1241 cum
1432 1198 1470 1235 ex
1486 1175 1629 1236 Crescen-

298 1277 337 1335 tis
367 1279 454 1336 titulo
484 1280 683 1348 didicerimus,
713 1279 741 1334 id
772 1279 852 1354 quod
881 1259 969 1337 etiam
997 1278 1072 1335 ratio
1102 1277 1217 1345 suadet,
1246 1277 1511 1336 honoratissimum
1538 1280 1630 1338 fuisse

298 1380 376 1438 inter
402 1381 510 1438 missus
537 1381 669 1438 eiusdem
697 1380 755 1436 diei
782 1390 919 1455 quartum
947 1392 977 1437 et
1003 1380 1191 1456 vigesimum,
1218 1379 1247 1436 id
1274 1390 1320 1436 est
1343 1390 1522 1454 postremum
1545 1381 1628 1455 (nam

299 1501 364 1538 eum
393 1501 547 1540 numerum
576 1501 634 1538 non
663 1482 911 1557 adscripsissent,
942 1483 997 1539 nisi
1026 1483 1121 1538 honor
1148 1482 1190 1537 ita
1217 1481 1388 1557 augeretur)
1415 1482 1473 1539 iam
1500 1483 1630 1540 fortasse

299 1583 393 1641 conici
415 1593 514 1659 potest
534 1594 702 1657 postremos
725 1584 836 1640 missus
859 1601 925 1640 esso
949 1583 1030 1659 ipsos
1053 1583 1122 1639 illos
1143 1602 1161 1638 a
1180 1600 1298 1657 pompa,
1322 1583 1348 1639 si
1369 1584 1487 1657 quidem
1511 1602 1629 1642 sumere

297 1685 368 1742 licet
394 1704 503 1762 pompa
530 1685 631 1759 aliqua
658 1686 807 1743 circenses
835 1685 956 1742 finiisse.
1005 1682 1064 1742 Sed
1096 1684 1125 1740 id
1154 1683 1233 1759 quod
1258 1683 1489 1741 Friedlaendero
1519 1686 1629 1761 placuit

299 1787 460 1861 significari
493 1788 535 1844 ita
563 1786 687 1843 missum
715 1787 842 1860 primum
871 1805 936 1843 cum
960 1788 1058 1844 verbis
1080 1786 1189 1843 rectius
1211 1785 1378 1854 conveniat,
1401 1787 1498 1843 adhuc
1519 1788 1630 1863 poterit

297 1889 340 1943 ita
372 1887 501 1955 defendi,
538 1898 570 1945 ut
602 1897 661 1945 tam
696 1889 810 1962 primus
840 1907 928 1963 qumn
961 1901 1131 1963 postremus
1165 1889 1242 1944 inter
1274 1888 1406 1962 reliquos
1440 1889 1627 1946 emiuuerint.

295 1990 396 2048 Etiam
424 1992 459 2048 dc
488 1990 699 2047 certaminibus
724 1992 846 2064 pudibus
872 1992 913 2047 ud
937 1991 1111 2063 quadrimam
1136 1989 1223 2046 sactis
1251 1989 1327 2044 idem
1357 1991 1402 2046 vir
1424 1989 1530 2046 doctus
1553 1991 1627 2047 satis

297 2093 373 2150 dixit
401 2112 428 2166 p.
452 2093 522 2150 489.
577 2091 644 2148 Hoc
671 2092 737 2148 loco
765 2110 801 2148 ea
828 2092 939 2149 inserui
968 2101 1089 2167 propter
1114 2092 1256 2166 reliquias
1284 2109 1360 2166 quae
1388 2091 1429 2147 ita
1456 2091 1626 2149 traduntur:

296 2192 331 2253 C.
355 2194 448 2252 LXII
484 2194 592 2251 collato
629 2193 709 2250 tituli
747 2191 858 2252 Guttae
894 2203 1040 2250 commate
1076 2193 1145 2249 hoc:
1193 2196 1223 2248 in
1252 2196 1382 2267 suctione
1415 2196 1538 2266 prasina
1574 2196 1629 2250 uici

297 2296 501 2355 CCCLXIV:
528 2295 629 2351 XXX
648 2296 677 2365 I,
700 2294 821 2351 XLII
844 2294 888 2370 (id
915 2305 962 2352 est
988 2297 1029 2351 ad
1057 2299 1212 2351 sestertium
1236 2293 1338 2350 XXX
1356 2294 1435 2351 milia
1462 2294 1559 2362 semel,
1588 2296 1630 2351 ad

295 2402 451 2456 sestertium
477 2397 538 2453 XL
564 2399 646 2454 milia
673 2395 743 2471 bis):
772 2397 894 2471 ped-ibus
922 2398 972 2464 au·
989 2397 1162 2470 quudrt'pnm
1189 2395 1282 2463 LXI,
1309 2415 1328 2450 u
1346 2415 1454 2471 pompa
1473 2396 1523 2465 1³1,
1550 2414 1628 2471 quac

295 2500 386 2556 verba
414 2499 439 2554 si
467 2493 539 2572 quid
567 2499 667 2566 video,
702 2497 916 2554 Friedlacnder
942 2515 1001 2553 non
1030 2505 1109 2554 recte
1136 2499 1345 2572 interpretatus
1372 2508 1419 2554 est
1440 2497 1561 2570 pedibus
1588 2498 1629 2555 ud

295 2602 468 2674 quadrigam
494 2603 535 2657 ad
560 2604 717 2657 sestertium
743 2599 809 2655 LX
829 2599 911 2656 millu
937 2598 1035 2665 semel,
1065 2619 1084 2654 a
1108 2618 1214 2673 poaupu
1242 2603 1341 2666 seties,
1368 2618 1434 2655 cum
1461 2599 1499 2655 sit
1527 2600 1626 2673 potius

291 2702 412 2778 pedibus
436 2703 476 2759 ud
497 2704 669 2777 quadripom
691 2705 819 2775 serapias
842 2700 935 2770 semel,
958 2719 977 2756 α
996 2719 1104 2790 pfflpu
1127 2705 1225 2757 semies.

381 2803 562 2878 narratum)
590 2804 713 2879 rmus)
743 2801 889 2860 crescens
917 2799 978 2860 aas
1007 2796 1095 2882 txrq
1125 2786 1249 2860 L'rrii'
1269 2801 1347 2860 ccc
1369 2801 1561 2871 ausser,
1592 2802 1623 2859 u

295 2914 340 2963 est
362 2907 529 2963 sestertium
556 2907 727 2976 1,558,346.
774 2906 824 2962 Ad
846 2904 919 2961 haec
942 2904 1097 2960 commode
1119 2905 1324 2979 supplebimus
1347 2903 1477 2976 (lineolis
1500 2904 1535 2960 ad
1559 2924 1626 2980 per·

294 3008 483 3084 pendiculum
511 3009 637 3066 derectis
664 3019 769 3065 nostra
794 3009 965 3064 coniectura
991 3006 1114 3080 additis)
1151 3005 1266 3063 Dioclis
1301 2991 1417 3062 titulum
1444 3026 1472 3062 v.
1497 3006 1534 3061 10
1567 3007 1624 3063 sic:

294 3110 413 3184 [rettulit
452 3110 612 3185 qrruest]um
647 3105 707 3166 HS
743 3093 961 3191 lc'cbbv't‘lil
1001 3092 1109 3164 LXIII
1151 3106 1254 3175 CXX,
1296 3107 1326 3162 id
1368 3118 1415 3163 est
1457 3108 1625 3164 sestertium

295 3211 489 3282 35,863,190.
535 3211 612 3270 Cum
640 3213 692 3269 illa
719 3231 836 3269 summa
862 3221 940 3268 recte
967 3210 1133 3285 composuit
1154 3208 1324 3265 Loratellia
1352 3218 1452 3264 nostra
1474 3209 1624 3265 Iuvenalis

293 3314 390 3372 locum
414 3315 458 3388 (i,
474 3314 559 3388 113),
587 3314 638 3369 ubi
660 3314 768 3370 russati
791 3313 928 3370 lacernae
950 3312 1122 3386 aequiperat
1145 3321 1251 3368 cannam
1271 3314 1446 3384 patrimonia
1468 3311 1624 3367 causidico-

292 3436 363 3474 rum.
412 3417 468 3472 llla
499 3417 578 3472 onim
611 3434 726 3472 summa
758 3415 793 3471 ad
829 3422 960 3471 nostram
994 3415 1140 3469 rationem
1174 3413 1367 3468 monetariam
1402 3412 1547 3468 translata
1580 3421 1624 3468 ost
1690 3394 1695 3404 ’

292 3520 384 3594 paulo
407 3521 503 3575 nriuus
527 3535 692 3572 marcarum
709 3515 851 3585 300,000‚
876 3517 948 3572 haec
964 3534 1128 3572 nrarcarum
1145 3532 1168 3568 c.
1187 3513 1360 3582 6000000.
1378 3513 1550 3569 -Tantae
1573 3533 1623 3586 pe-

293 3623 398 3679 cuniae
424 3619 574 3694 quomodo
601 3618 726 3675 effectae
753 3618 821 3686 siut,
850 3618 949 3673 minus
976 3626 1087 3673 certum
1118 3623 1178 3684 est3
1211 3624 1327 3672 constat
1359 3623 1457 3671 tamen
1490 3616 1624 3689 praemia

293 3723 438 3798 distingui
465 3721 525 3777 alia
551 3720 674 3790 maiora,
702 3736 829 3794 quorum
857 3719 946 3775 etiam
973 3735 1104 3775 summus
1134 3717 1223 3788 tituli,
1251 3717 1361 3791 quibus
1385 3717 1414 3772 in
1437 3717 1483 3773 his
1510 3717 1622 3773 insisti·

293 3843 368 3895 mus,
388 3824 517 3879 maxime
539 3820 654 3878 Dioclis
677 3821 841 3890 enuntiant,
861 3820 921 3876 alia
939 3820 1100 3889 ordinaria,
1122 3836 1246 3893 quorum
1268 3836 1400 3875 summas
1421 3836 1478 3874 nou
1499 3827 1622 3893 ponunt,

292 3935 433 4002 quaestus
456 3933 554 3980 autem
573 3931 689 3998 partem
712 3922 801 3997 longe
823 3923 982 3979 maximam
1004 3940 1041 3977 ex
1061 3921 1108 3980 his
1129 3921 1264 3977 effectum
1285 3937 1362 3977 esse.
1402 3918 1524 3975 Diocles
1544 3920 1622 3976 enim

292 4047 358 4086 cum
383 4035 520 4083 accurate
543 4024 660 4095 indicet,
687 4035 828 4098 quantam
852 4024 1007 4099 pecuniam
1031 4043 1068 4079 ex
1092 4022 1251 4078 maioribus
1274 4021 1414 4097 praemiis
1437 4021 1540 4094 primis
1563 4021 1623 4077 vic-

292 4130 376 4186 toriis
400 4129 463 4185 suis
485 4126 605 4202 ceperit,
628 4126 743 4183 scilicet

583 4329 767 4406 singularum
796 4339 869 4386 sest.
887 4329 988 4386 60000
1015 4341 1050 4386 ><
1091 4328 1163 4384 3=
1220 4327 1350 4397 180,000

797 4441 868 4489 sest.
886 4430 988 4487 50000
1016 4443 1051 4488 ><
1071 4427 1108 4485 99
1127 4453 1163 4476 =
1189 4430 1351 4498 1‚450,000

797 4543 867 4591 sest.
886 4533 987 4589 40000
1015 4544 1050 4590 ><
1069 4529 1107 4588 28
1126 4555 1162 4578 =
1188 4531 1351 4602 t,120,000

797 4644 868 4692 sest.
885 4633 988 4691 30000
1015 4632 1162 4691 ><32=
1217 4634 1351 4703 960,000

582 4734 759 4813 binarum¹)
797 4746 868 4793 sest.
888 4736 987 4794 15000
1015 4749 1049 4794 ><
1089 4736 1162 4791 4--
1240 4734 1352 4804 60‚000

290 4881 549 4940 ostermarus.
661 4860 665 4868 '
1185 4874 1350 4943 amomo

366 5083 389 5144 ¹)
409 5086 440 5133 In
465 5084 565 5133 Dioclis
590 5083 664 5132 titulo
690 5082 757 5146 quod
782 5082 875 5146 legitur
899 5082 982 5147 triyua
1006 5080 1041 5128 ud
1061 5073 1121 5135 ὣς
1148 5062 1210 5128 X‘p‘
1220 5077 1285 5128 IIII
1305 5080 1331 5127 in
1358 5081 1441 5144 capite
1465 5093 1515 5143 quo
1536 5079 1620 5141 agitur

288 5177 320 5226 de
350 5176 532 5225 certaminibus
560 5175 677 5224 binarum
707 5190 738 5224 eo
770 5175 827 5223 loco
861 5174 1012 5223 collocatum
1045 5184 1095 5233 cst,
1129 5189 1179 5236 quo
1212 5173 1237 5220 in
1267 5172 1350 5235 capite
1378 5172 1409 5219 de
1437 5169 1620 5219 certaminibus
