3474 5812
207 531 290 602 628
575 571 578 577 -
789 548 971 601 uouusnn

215 726 324 797 mania,
346 724 384 781 ad
405 724 505 782 fenum
527 723 686 782 secandum
707 723 738 780 in
760 721 915 798 Atriam).
949 720 1008 783 Sed
1029 722 1176 781 stationes
1198 721 1263 796 (eas
1279 723 1420 782 nimirum
1434 724 1550 801 quibus

215 826 386 886 Hadrianus
408 827 569 903 imperator
595 827 627 884 iu
649 827 787 884 contione
813 825 855 883 ait
880 825 1063 902 legionarios
1085 825 1246 884 Africanos
1273 825 1412 885 distineri
1438 825 1548 885 multis

213 938 244 987 et
270 928 411 1004 diversis)
445 928 621 1004 occupantia
647 928 798 1005 praesidia
827 927 1006 1003 legionaris,
1043 946 1078 985 ea
1104 927 1229 1002 scilicet,
1265 928 1418 1004 aquibus
1446 929 1549 1004 burga

213 1032 409 1091 aedificantur
433 1040 464 1089 et
488 1031 708 1102 custodiuntur,
735 1033 804 1088 item
827 1029 932 1088 eodem
956 1029 1075 1088 nomine
1096 1037 1218 1089 utuntur
1239 1028 1402 1106 (votvm
1423 1029 1547 1090 ιι.1.3.

215 1132 305 1192 2482.
329 1131 433 1209 8796).
470 1132 516 1190 Ea
537 1132 615 1190 enim
638 1141 671 1190 ut
691 1151 724 1190 re
745 1131 868 1191 stabilia
893 1139 992 1203 erant,
1018 1132 1061 1189 ita
1083 1132 1121 1190 ad
1143 1131 1358 1191 ordinationem
1380 1131 1547 1191 militarem

213 1256 273 1295 non
296 1234 491 1312 pertinebant,
512 1254 567 1294 nec
586 1236 637 1312 qui
656 1236 701 1294 eis
716 1241 875 1310 praeerant
893 1247 1006 1293 certum
1026 1235 1060 1293 iu
1081 1234 1227 1293 honorum
1247 1234 1344 1312 gradu
1364 1234 1467 1292 locum
1492 1234 1547 1292 ob

213 1339 347 1398 tinebant
367 1357 421 1396 nec
444 1337 553 1396 milites
575 1337 762 1412 praesidiarii
780 1345 903 1414 propter
921 1356 959 1395 ea
976 1355 1130 1394 numerum
1153 1337 1316 1396 mutabant.
1348 1334 1546 1395 Praesidium

213 1440 271 1500 hoc
296 1442 448 1518 octoginta
474 1440 536 1497 fere
563 1439 689 1498 militum
719 1438 800 1514 (uam
828 1456 1006 1515 quamquam
1027 1438 1106 1516 lapis
1129 1438 1208 1498 infra
1228 1440 1371 1515 abruptus
1396 1448 1456 1511 est,
1481 1459 1546 1497 nou

213 1543 307 1602 multa
326 1542 492 1601 interierint
513 1559 635 1601 necesse
656 1550 713 1614 est,
735 1559 800 1599 cum
816 1541 931 1618 pedites
947 1541 1074 1619 legionis
1093 1540 1192 1599 adsint
1213 1539 1330 1617 omues)
1352 1541 1547 1600 consistebat

210 1647 241 1703 in
263 1645 391 1703 confinio
407 1644 589 1702 Moesiarum
608 1644 743 1715 duarum,
757 1643 919 1720 partinens,
942 1653 974 1701 ut
987 1642 1119 1702 ostendit
1132 1650 1193 1701 tam
1208 1643 1325 1720 legatus
1340 1662 1432 1719 quarn
1447 1643 1545 1721 legio,

210 1749 247 1806 ad
273 1747 435 1806 exercitum
462 1745 633 1823 provinciae
653 1746 814 1805 inferioris.
851 1744 950 1820 Quam
971 1746 1009 1803 ob
1035 1764 1156 1805 causam
1184 1746 1288 1805 titulus
1310 1745 1467 1804 dedicatus
1493 1746 1546 1817 sit,

210 1869 271 1909 non
291 1849 474 1925 intellegitur
488 1848 641 1907 deficiente
655 1847 802 1926 principio
808 1868 816 1919 ;
838 1847 968 1907 fortasse
989 1849 1118 1906 numinis
1140 1848 1294 1908 cuiusdam
1310 1849 1478 1907 sacrarium
1493 1848 1545 1906 rel

210 1952 398 2029 imperatoris
420 1951 467 2009 Pii
491 1959 619 2009 statuam
642 1949 802 2026 aliquando
825 1950 958 2009 ornabat.

292 2053 454 2130 Legionem
469 2053 517 2112 XI
533 2051 690 2112 Claudiam
705 2054 868 2128 imperante
883 2052 1016 2111 Traiano
1032 2071 1171 2113 noramus
1186 2051 1365 2113 Germaniae
1387 2054 1545 2132 superiori

210 2153 452 2234 praesedissel),
484 2156 646 2232 imperante
672 2155 775 2214 Marco
798 2155 928 2213 Moesiae
954 2155 1138 2232 iuferioril).
1182 2155 1251 2230 Quo
1280 2166 1410 2231 tempore
1438 2166 1545 2215 castra
1591 2160 1598 2172 “

208 2266 355 2318 mutasset
378 2277 443 2316 cum
470 2257 567 2316 adhuc
592 2258 789 2336 ignoraretur,
816 2258 868 2315 alii
896 2257 932 2315 de
958 2257 1036 2316 bello
1058 2257 1279 2317 Marcomanico
1300 2257 1394 2316 Marci
1423 2259 1543 2335 cogita·

212 2359 367 2436 verunt⁴)‚
390 2359 440 2418 alii
463 2359 499 2417 de
513 2359 637 2419 Dacicis
650 2356 823 2435 Traiani⁵).
856 2359 943 2419 Illam
966 2360 1165 2419 coniecturam
1188 2361 1247 2420 iarn
1262 2360 1417 2437 redarguit
1431 2360 1542 2419 titulus

209 2481 296 2540 quem
319 2461 433 2521 edimus
454 2461 601 2540 legionem
624 2480 650 2519 a.
670 2463 727 2520 155
750 2462 914 2538 imperante
933 2461 992 2520 Pio
1004 2466 1037 2520 iu
1053 2462 1171 2522 Moesia
1188 2462 1352 2533 collocans;
1375 2461 1451 2522 haec
1466 2482 1543 2540 pro·

210 2565 318 2624 babilis
340 2574 394 2623 est

291 2665 399 2727 Castra
419 2666 547 2743 legionis
568 2665 617 2724 XI
643 2665 760 2725 saeculo
787 2668 873 2725 tertio
895 2676 1021 2727 exeunte
1043 2674 1073 2725 et
1094 2667 1234 2743 deinceps
1256 2666 1350 2726 luisse
1372 2665 1542 2725 Durostori

208 2768 373 2844 conatast).
417 2766 477 2829 Sed
504 2767 635 2828 secundo
660 2788 727 2827 cum
750 2769 780 2827 in
800 2769 908 2828 iisdem
930 2771 1038 2829 castris
1060 2768 1239 2846 legionemI
1260 2768 1396 2828 Italicam
1424 2769 1540 2828 cousti-

207 2874 281 2932 tisse
302 2880 405 2930 auctor
426 2871 467 2930 sit
484 2870 685 2946 Ptolemaeus,
713 2871 767 2930 sub
789 2870 846 2929 Pio
869 2871 938 2929 alibi
960 2876 991 2930 iu
1013 2870 1130 2931 Moesia
1151 2871 1309 2931 tetenderit
1330 2887 1454 2931 necesse
1476 2881 1539 2930 est.

206 2976 269 3033 Iam
292 2993 357 3032 curn
379 2974 411 3031 iu
433 2993 469 3031 ea
488 2975 643 3050 provincia
664 2984 748 3032 terna
770 2982 869 3032 castra
889 2973 1054 3050 legionaris
1074 2974 1182 3033 fuerint
1205 2972 1361 3033 Novensia
1381 2973 1539 3033 Durosto-

207 3077 306 3136 rensia
324 3076 552 3149 Troesmensia,
575 3077 623 3135 hic
644 3076 748 3135 titulus
770 3076 800 3133 iu
824 3087 956 3135 extremo
979 3077 1104 3136 castello
1126 3076 1165 3134 ad
1187 3077 1368 3136 occidentem
1391 3076 1537 3135 inventus

283 3300 306 3364 1)
332 3302 477 3353 Brambach
497 3319 523 3352 n.
536 3303 598 3352 672.
618 3302 677 3352 Vol.
686 3303 754 3352 VIII
773 3319 798 3353 u.
813 3302 893 3352 4322.
926 3303 967 3354 Gi.
980 3303 1132 3368 Msrquardt
1151 3300 1315 3353 Stootceerac.
1337 3305 1362 3365 2,
1375 3303 1438 3354 449.

280 3393 305 3458 ⁹)
330 3394 475 3445 Brambach
494 3395 613 3445 ιι.1666.

281 3485 306 3548 ²)
331 3488 480 3537 Laterculus
498 3487 627 3551 legionum
649 3488 760 3558 urbanus
780 3487 875 3538 vol.VI
895 3504 920 3537 n.
935 3487 1005 3537 3492
1025 3489 1133 3552 scriptus
1152 3489 1218 3537 iuter
1237 3488 1397 3537 Hadrianum
1415 3495 1443 3536 et
1460 3488 1535 3539 Mar·

206 3596 262 3631 cum
288 3579 358 3641 (uam
376 3580 490 3644 legiones
510 3587 560 3629 tres
579 3595 596 3628 a
614 3581 710 3632 Severo
731 3579 847 3639 additae,
873 3579 981 3629 tortasse
1006 3580 1082 3629 etiam
1103 3581 1168 3629 duae
1188 3580 1290 3629 additae
1310 3595 1326 3628 a
1345 3580 1436 3629 Marco
1456 3589 1536 3631 extra

204 3674 319 3722 ordinem
333 3672 360 3720 in
373 3673 423 3720 fine
436 3671 551 3720 adiectae
564 3672 631 3732 suut)
645 3672 759 3735 legiones
772 3687 924 3721 enumerans
939 3673 1078 3721 secundum
1091 3673 1208 3721 ordinem
1220 3672 1418 3737 provinciarum,
1433 3673 1461 3722 in
1472 3689 1535 3737 pro·

203 3766 294 3814 vinciis
312 3771 398 3812 antem
416 3764 554 3812 secundum
575 3779 703 3825 numeros,
723 3780 774 3812 uuo
795 3771 882 3813 tcnore
906 3770 1021 3813 recenset
1038 3765 1052 3814 I
1071 3764 1202 3825 Italicam,
1222 3765 1246 3812 V
1259 3765 1470 3826 Macedonicam,
1488 3766 1536 3815 xl

203 3856 339 3907 Claudiam
353 3856 468 3904 Moesiae
487 3855 616 3905 inferioris
635 3871 732 3905 omnes.
760 3856 827 3905 Nam
848 3857 916 3920 qnod
934 3871 1016 3921 nuper
1033 3857 1166 3921 proposuit
1178 3857 1281 3906 Pfizner
1297 3853 1398 3916 (Geruli.
1411 3855 1460 3905 der
1468 3857 1534 3906 roas.

203 3947 412 4014 Kaiserlepr'oaeu
429 3949 496 3997 1881
517 3948 599 4011 p.80.
616 3947 676 3997 163.
693 3947 755 4008 253)
774 3949 888 4012 legiones
908 3949 972 3998 duas
986 3948 1032 3997 has
1051 3963 1103 3998 una
1121 3963 1179 3997 cum
1198 3963 1228 3998 ea
1248 3962 1313 4013 quae
1331 3950 1447 4013 sequitur
1459 3949 1535 3999 XIII

202 4043 305 4106 gemina
323 4041 435 4090 secundo
455 4041 556 4090 saeculo
575 4042 602 4089 in
621 4040 706 4090 Dacia
730 4049 812 4089 castra
831 4039 963 4100 habuisse,
990 4055 1145 4106 quamquam
1169 4041 1202 4090 ob
1226 4041 1290 4090 alias
1314 4055 1414 4105 quoqne
1440 4056 1534 4091 musas

201 4133 358 4183 reiciendum
377 4142 414 4182 est
434 4133 542 4195 (Daciae
562 4133 631 4182 enim
649 4133 733 4196 legato
753 4141 812 4182 ante
825 4133 941 4182 Marcum
961 4135 1091 4197 praetorio
1110 4141 1162 4183 tres
1174 4134 1288 4197 legiones
1306 4147 1397 4197 parere
1415 4148 1471 4183 nou
1483 4149 1532 4198 po·

201 4234 318 4286 tuerunt,
352 4240 434 4290 neque
463 4226 528 4275 inter
552 4231 590 4274 tot
613 4225 700 4274 titulos
724 4224 835 4274 Dacicus
864 4225 931 4275 ullus
958 4232 1007 4286 est,
1038 4226 1081 4290 qui
1111 4226 1237 4291 legionem
1260 4225 1302 4274 XI
1327 4224 1464 4275 Claudiam
1492 4226 1533 4275 ibi

201 4326 284 4367 castra
303 4316 421 4368 habuisse
441 4319 587 4378 monstret),
612 4319 663 4367 iam
681 4318 717 4366 ita
736 4318 896 4381 redarguitur
915 4317 963 4367 boc
983 4319 1038 4382 ipso
1059 4318 1091 4367 de
1110 4332 1161 4382 quo
1180 4318 1279 4382 agimus
1298 4317 1388 4379 titulo,
1409 4324 1440 4366 ut
1458 4317 1531 4368 resu-

200 4409 304 4458 tatiouis
324 4411 345 4459 is
364 4411 439 4459 nobis
459 4411 512 4459 otia
530 4410 627 4459 iecerit.
655 4409 802 4459 Concidunt
821 4410 896 4458 simul
916 4424 981 4474 quae
1001 4410 1069 4459 idem
1090 4418 1179 4460 unctor
1200 4411 1233 4460 de
1252 4410 1353 4475 legione
1367 4409 1532 4461 VMacedo·

200 4502 258 4551 nica
277 4509 366 4551 coutra
385 4518 425 4551 me
445 4502 547 4565 scripsit
565 4502 761 4551 contendentem
781 4517 837 4550 cam
858 4501 890 4550 ad
903 4503 1026 4553 Severum
1046 4518 1125 4568 usquc
1144 4503 1170 4551 in
1184 4501 1285 4552 Moesia
1302 4501 1425 4551 interlore
1446 4509 1531 4554 teten-

201 4593 277 4643 disse.
300 4593 368 4642 Nam
380 4601 515 4658 postquam
534 4599 609 4642 extra
627 4594 731 4643 dubium
752 4601 790 4642 est
808 4602 860 4643 tam
879 4594 1007 4658 legionem
1026 4611 1091 4659 quae
1112 4596 1138 4644 in
1158 4595 1280 4645 laterculo
1300 4593 1430 4658 praecedit
1450 4609 1529 4660 quam

200 4686 396 4750 subsequentem
420 4685 532 4735 secundo
555 4687 658 4736 saeculo
683 4686 710 4735 in
734 4701 765 4735 ea
788 4687 921 4751 provincia
947 4694 1030 4736 matra
1053 4687 1184 4749 babuisse,
1209 4688 1269 4736 item
1294 4687 1406 4736 decisum
1432 4695 1474 4737 est
1497 4686 1532 4736 de

202 4778 354 4842 interposita
373 4779 470 4842 quinta.
507 4777 598 4841 Itaque
617 4778 649 4828 de
669 4778 750 4827 titulis
769 4778 982 4828 TroesmcnsIbus
1000 4778 1051 4839 111,
1068 4778 1148 4830 6162.
1163 4777 1234 4829 6166
1253 4779 1320 4829 idem
1340 4786 1430 4830 auctor
1450 4794 1530 4845 quam

199 4871 311 4935 graviter
330 4870 460 4928 erraverit,
481 4869 656 4918 demonstrare
675 4885 893 4934 supervacaneum
912 4878 958 4920 est.

273 4959 298 5023 ⁴)
324 4961 470 5012 Brambach
490 4961 519 5012 C.
533 4961 555 5010 I.
568 4960 650 5011 Rhea.
670 4979 696 5027 p.
709 4963 773 5012 XII.

274 5052 298 5116 6)
324 5053 499 5105 Himerio.
527 5054 650 5104 Eiusdem
671 5069 784 5105 errorem
808 5056 935 5120 legionem
954 5055 988 5105 ad
1007 5057 1088 5122 ipsam
1108 5056 1219 5108 Daciam
1239 5057 1361 5107 trahentis
1379 5055 1461 5108 modo
1480 5072 1530 5109 no·

197 5146 314 5197 terimus.

272 5236 296 5304 ⁶)
324 5239 414 5290 Testes
433 5246 492 5291 sunt
509 5240 670 5291 itinerarium
684 5239 888 5291 Antoninianum
908 5248 934 5291 et
946 5240 1047 5295 Notitia
1060 5241 1221 5308 dignitatum.
1251 5242 1293 5296 Cf.
1306 5241 1411 5294 volIII
1423 5258 1450 5311 p.
1462 5243 1528 5297 991.
