3494 5812
323 461 395 532 218
895 412 1078 531 noussen

321 655 403 714 Fieri
431 665 527 714 tamen
553 661 661 731 potest,
691 663 723 713 ut
747 654 778 712 in
806 664 928 713 senatus
954 654 1091 712 consulto
1117 671 1200 712 more
1232 653 1369 712 sollemni
1395 671 1449 729 per
1474 653 1649 714 relationem

319 758 400 816 facto
426 758 547 816 nomina
574 775 675 815 eornm
698 758 749 833 qui
777 757 979 815 decrevissent
1004 755 1200 814 adscribenda
1225 755 1346 826 luerint,
1373 756 1403 814 in
1431 766 1552 815 senatus
1577 774 1648 815 con·

320 859 399 918 sulto
425 859 504 917 lacto
535 878 588 935 per
619 859 713 917 solam
744 859 961 918 discessionem
991 876 1130 916 numerus
1158 865 1272 916 tantum
1299 857 1469 934 ponendus,
1497 876 1648 934 unumque

319 962 375 1020 hoc
398 969 518 1021 senatus
540 962 708 1021 consultum
731 961 770 1019 sit
789 961 884 1019 adhuc
905 970 1053 1035 repertum
1076 960 1186 1019 lactum
1206 978 1260 1036 per
1281 961 1446 1020 sententias
1466 960 1545 1020 lates
1564 978 1648 1020 mors

320 1063 467 1122 sollemni.

402 1165 478 1225 Utut
503 1175 559 1236 est,
586 1167 650 1225 sive
675 1174 884 1225 enumerantur
911 1166 960 1241 qui
990 1165 1183 1224 decreverunt
1209 1166 1273 1224 sive
1295 1166 1346 1242 qui
1366 1166 1522 1224 scribendo
1544 1165 1646 1226 adfue-

318 1275 396 1338 runt,
424 1268 615 1326 nominantur
641 1269 671 1325 in
700 1269 818 1327 decreto
847 1267 1051 1343 Adramyteno
1077 1280 1231 1326 senatores
1259 1268 1288 1325 bi
1316 1285 1392 1344 quos
1417 1269 1540 1328 subieci.
1582 1268 1647 1328 Ad·

318 1370 424 1446 scripsi
447 1389 463 1426 e
485 1371 605 1447 regione
634 1371 766 1447 reliquos
794 1371 937 1428 senatorii
965 1369 1077 1430 ordinis
1102 1370 1239 1428 homines
1264 1371 1370 1428 aetatis
1393 1371 1504 1429 liberae
1524 1371 1569 1430 rei
1591 1389 1646 1449 pu·
1679 1382 1682 1387 ·

318 1472 421 1541 blicae,
451 1490 577 1547 qnorum
600 1473 636 1530 de
659 1472 736 1531 tribu
758 1483 907 1531 constaret
928 1473 1057 1531 maxime
1083 1492 1121 1530 ex
1151 1482 1271 1530 senatus
1299 1472 1443 1532 consultis
1470 1491 1496 1530 a.
1520 1471 1582 1531 584
1609 1473 1647 1533 de

318 1573 479 1632 Thisbaeis
502 1573 605 1648 (huius
629 1575 695 1650 epb.
718 1575 809 1632 vol.l
835 1594 864 1651 p.
881 1574 971 1650 278);
994 1594 1020 1633 a.
1045 1574 1104 1632 619
1127 1574 1163 1631 de
1184 1574 1396 1634 Prienensibus
1418 1573 1647 1651 (hebes-Wad-

317 1675 440 1752 dington
462 1675 710 1751 n.195-198);
742 1677 873 1735 eiusdem
902 1678 964 1735 iere
986 1678 1093 1735 aetatis
1115 1676 1210 1734 relato
1231 1676 1311 1752 apud
1333 1676 1495 1754 Iosephum
1517 1687 1579 1736 ant.
1596 1679 1645 1752 13,

317 1775 346 1849 9,
370 1776 403 1847 23
431 1796 457 1835 a.
480 1776 539 1836 676
563 1778 599 1837 de
620 1778 800 1855 Asclepiade
823 1776 871 1854 (C.
894 1779 917 1837 l.
940 1778 976 1838 L.
999 1778 1056 1837 vol.
1077 1779 1092 1836 1
1114 1797 1143 1854 p.
1167 1777 1253 1854 110);
1283 1779 1385 1837 relatis
1406 1779 1488 1856 apud
1509 1777 1645 1840 Caelium

317 1877 437 1953 (Cicero
460 1879 498 1936 ad
520 1881 590 1938 farn.
608 1881 637 1951 8,
660 1879 692 1955 8)
715 1901 742 1938 a.
760 1881 835 1951 7033
861 1881 957 1940 relato
979 1881 1059 1959 apud
1079 1880 1239 1957 losephum
1262 1890 1321 1938 ant.
1341 1881 1388 1953 14,
1405 1882 1469 1952 8,5
1491 1883 1561 1940 anni
1583 1882 1643 1941 707

316 1979 359 2054 (ν.
375 1980 503 2040 Hermes
526 1983 584 2040 vol.
601 1983 619 2041 9
642 2002 670 2058 p.
688 1981 745 2041 281
760 1983 834 2060 sq.);
858 1984 952 2042 relato
975 1983 1054 2060 apud
1076 1983 1201 2042 eundem
1220 1984 1267 2054 14,
1286 1984 1333 2053 10,
1352 1983 1390 2041 10
1409 1983 1479 2041 anni
1494 1983 1555 2042 710
1577 1983 1644 2060 (ubi

315 2083 481 2153 lectionem,
504 2085 529 2143 si
551 2103 611 2160 qua
632 2092 696 2143 erat
717 2086 798 2144 iusta
819 2103 912 2144 causa
934 2086 1098 2156 dubitandi,
1120 2086 1220 2143 rettuli
1244 2085 1405 2143 secundum
1428 2086 1493 2144 cod.
1515 2087 1644 2147 Ambro-

317 2185 462 2262 sianum);
485 2187 616 2246 incertae
639 2188 745 2247 aetatis
768 2188 1000 2265 Aphrodisiensi
1023 2186 1361 2264 (Lebas-Waddington
1384 2186 1535 2264 11.1627).

998 2381 1053 2440 M'.
1071 2383 1184 2440 Acilius
1200 2382 1258 2439 Μ’.
1267 2386 1295 2458 s.
1310 2382 1434 2441 Voltinia
1457 2379 1516 2443 SC.
1532 2383 1603 2443 584.

340 2485 352 2540 1
379 2482 416 2540 L.
439 2482 545 2542 Aa...
569 2482 651 2559 L.s.
675 2484 853 2560 [U]seutina
875 2485 924 2543 20.

337 2583 355 2641 2
378 2584 416 2642 L.
440 2587 554 2662 Afiuius
576 2586 613 2643 L.
630 2588 659 2660 s.
682 2586 820 2644 Lemonia
842 2587 890 2645 35.

338 2689 355 2745 3
378 2687 414 2745 P.
438 2688 542 2745 Albius
566 2687 601 2746 P.
617 2690 646 2762 s.
675 2688 820 2764 Quiri[ua]
847 2689 893 2746 17.

336 2791 355 2846 4
378 2789 408 2847 C.
432 2789 546 2848 Annius
571 2788 602 2848 0.
619 2792 647 2864 s.
671 2791 810 2848 Arnensis
833 2792 882 2849 31.

1000 2897 1029 2957 C.
1048 2896 1160 2954 Annius
1179 2893 1210 2953 C.
1220 2898 1248 2970 s.
1267 2895 1406 2956 Camellia
1428 2893 1485 2957 SC.
1511 2897 1580 2956 019.

336 2993 354 3050 5
378 2992 415 3050 L.
438 2993 568 3070 Asopius
577 2994 618 3070 (i)
645 2995 674 3054 C.
691 2997 720 3069 s.
743 2994 876 3053 Menenia
899 2994 947 3054 28.

997 3101 1032 3158 L.
1051 3100 1213 3176 Appuleius
1237 3095 1430 3176 (Ἀπουλῗνος)
1447 3100 1484 3159 L.
1493 3106 1521 3178 s.
1538 3101 1643 3179 Serpia

1037 3202 1095 3260 los.
1114 3204 1161 3271 14,
1180 3201 1226 3275 10,
1245 3203 1291 3260 10.

335 3300 352 3357 6
375 3300 417 3358 Μ.
435 3300 644 3378 Appuleius(l)
660 3302 738 3376 aas.
756 3302 893 3361 Camillis
908 3303 957 3360 34.

996 3407 1037 3464 Μ.
1057 3406 1184 3465 Asellius
1204 3407 1248 3464 Μ.
1262 3410 1289 3484 f.
1312 3407 1427 3466 Maecia
1448 3409 1508 3467 Ios.
1528 3409 1640 3483 14,10,

1039 3510 1086 3566 10.

995 3610 1031 3668 L.
1049 3611 1148 3670 Ateius
1163 3610 1201 3670 L.
1210 3613 1238 3687 s.
1254 3611 1311 3669 An.
1331 3612 1432 3699 Capito
1455 3610 1512 3673 SC.
1531 3613 1599 3671 703.

336 3709 352 3765 7
375 3707 409 3777 Q.
430 3707 612 3784 Cae[cilius?]
636 3710 670 3780 Q.
686 3712 714 3784 s.
737 3712 872 3770 Aniensis
896 3713 924 3771 8.
958 3765 963 3773 .

385 3812 417 3873 Q.
432 3810 582 3877 Cae[cilius]
597 3813 629 3875 Q.
643 3814 662 3864 t‘.
676 3831 732 3864 cum
746 3816 856 3879 primum
875 3817 960 3868 locum
980 3821 1007 3869 in
1025 3820 1149 3869 laterculo
1163 3826 1248 3869 teneat
1261 3827 1288 3869 et
1306 3819 1440 3884 probabile
1458 3820 1491 3869 sit
1509 3827 1640 3872 senatores

312 3918 343 3952 ex
366 3905 456 3953 ordine
476 3907 621 3955 enumerari
645 3904 716 3969 (nam
737 3908 814 3958 etiam
833 3910 861 3959 in
886 3919 988 3961 senatus
1008 3913 1129 3962 consultis
1149 3928 1172 3961 a.
1196 3913 1247 3962 703
1268 3913 1344 3976 primi
1363 3914 1528 3963 nominantur
1548 3929 1640 3963 eonsu-

311 3996 377 4046 lares
402 3997 453 4047 ‹luo
472 3998 502 4046 L.
522 3998 653 4049 Domitius
673 4015 724 4049 cos.
748 4017 772 4050 a.
794 4004 847 4052 700
872 4010 897 4050 et
915 4004 1035 4054 Metellus
1053 4005 1115 4055 Pius
1135 4005 1223 4069 Scipio
1243 4021 1294 4054 cos.
1314 4020 1338 4054 a.
1361 4005 1432 4066 702),
1454 4012 1499 4056 aut
1517 4006 1639 4056 Macedo-

311 4089 384 4138 nicus
404 4090 560 4154 intellegitur
578 4107 629 4141 cos.
650 4107 673 4143 a.
688 4093 749 4154 611,
771 4095 814 4158 qui
834 4094 899 4144 obiit
917 4110 940 4145 a.
956 4095 1017 4157 639,
1037 4105 1082 4146 aut
1100 4097 1168 4146 filins
1187 4099 1242 4147 eius
1255 4097 1398 4148 Baliaricns
1412 4112 1463 4146 cos.
1483 4113 1507 4148 a.
1521 4099 1583 4148 6³1.

994 4186 1028 4255 Q.
1053 4187 1193 4247 Caecilius
1218 4189 1250 4258 Q.
1269 4190 1296 4260 f.
1320 4188 1392 4244 Fal.
1414 4188 1547 4247 Metellus
1567 4189 1639 4247 Pius

1035 4288 1133 4365 Scipio
1158 4288 1216 4349 SC.
1240 4290 1308 4348 703.

993 4391 1031 4448 L.
1048 4391 1223 4468 Calpurnius
1235 4391 1313 4450 Meu.
1326 4383 1483 4469 (Μενηνία)
1495 4392 1563 4451 Piso
1578 4392 1637 4451 108.

1038 4496 1084 4565 lt,
1103 4495 1150 4560 10,
1170 4495 1216 4551 10.

995 4596 1024 4653 C.
1038 4594 1176 4653 Causinius
1193 4596 1252 4654 Ter.
1266 4595 1382 4654 Rebilus
1394 4596 1451 4653 los.
1465 4597 1512 4669 14,
1528 4597 1575 4670 10,
1590 4598 1637 4657 10.

332 4694 349 4751 8
373 4694 425 4769 Sp.
445 4695 587 4753 Caruilius
610 4695 647 4752 L.
657 4700 683 4772 s.
701 4697 869 4772 Sa[la]tiaa
892 4697 940 4755 29.

384 4798 525 4848 Carvilium
559 4800 637 4849 fuisse
669 4801 736 4850 bunc
762 4802 900 4861 hominem,
927 4803 997 4852 cuins
1024 4804 1179 4853 innomine
1204 4805 1323 4868 exempla
1347 4804 1475 4864 differunt,
1499 4819 1530 4854 eo
1556 4807 1637 4870 magis

309 4891 447 4939 verisimile
466 4900 513 4952 est,
533 4893 601 4956 quod
621 4892 707 4957 Spurii
728 4895 848 4944 dicuntur
867 4895 918 4944 duo
939 4896 1045 4945 Carvilii
1065 4896 1139 4946 relati
1158 4897 1185 4946 in
1205 4896 1284 4946 fastos
1304 4898 1459 4947 consulares.

331 4981 348 5037 9
375 4980 409 5049 Q.
437 4980 578 5040 Claudius
601 4985 658 5056 Ap.
674 4987 701 5057 s.
726 4985 822 5041 Pollia
846 4984 893 5042 27.

383 5083 544 5149 Quamquam
568 5102 600 5135 ex
622 5088 738 5136 Claudiis
762 5090 875 5152 patriciis
901 5090 998 5138 nullum
1023 5092 1101 5140 alium
1121 5092 1238 5141 novimus
1258 5095 1425 5156 praenomine
1448 5093 1572 5154 Quintum
1592 5092 1636 5159 (cl.

309 5177 369 5226 rona
384 5174 519 5227 Forscl.l
540 5194 566 5243 p.
582 5179 634 5240 15),
659 5179 725 5230 hunc
745 5196 776 5230 ex
798 5181 925 5231 cadomo
945 5183 1082 5232 oriundum
1102 5199 1157 5234 csse
1177 5185 1291 5235 ostendit
1310 5201 1466 5251 praenomen
1485 5187 1574 5251 patris.
