3494 5812
287 454 362 527 284
814 474 1091 526 summanum
1501 476 1619 527 ers-sn

288 647 353 707 816
386 649 469 707 basis
498 668 608 727 magna
633 667 800 707 marmorea
826 648 919 724 longa
945 668 982 708 m.
1007 647 1090 719 1,76,
1117 649 1180 707 lata
1204 648 1287 721 1,20,
1315 649 1376 706 alta
1399 647 1485 719 Q80‚
1512 649 1624 706 effossa

329 752 357 809 d.
377 752 413 810 13
430 752 547 828 Aprilis
570 752 600 809 in
622 752 671 809 uia
693 748 725 810 S.
741 750 852 826 Angeli
874 754 904 808 in
924 751 1077 809 Pescheriu
1098 770 1115 808 e
1136 751 1256 827 regione
1278 760 1382 828 portae
1404 750 1509 808 lateris
1531 752 1624 808 eccle-

332 854 404 913 siae.
449 852 592 914 Servatur
613 855 643 911 in
666 852 808 912 cavaedio
831 852 950 912 aedium
973 862 1215 914 conservatorum
1238 853 1269 910 in
1292 850 1457 930 Capitolio.

427 1063 457 1118 in
475 1070 562 1137 parte
583 1062 729 1135 superiore
751 1059 829 1117 basis
852 1061 953 1118 litteris
974 1060 1175 1119 recentioribus
1193 1059 1308 1118 saeculi
1321 1060 1387 1135 sera
1409 1063 1484 1117 tertii

766 1225 770 1232 ,
815 1161 860 1218 uei
881 1166 965 1220 etiam
987 1166 1098 1238 quarti:

808 1315 888 1358 OPVS
904 1330 911 1344 ·
926 1315 1089 1358 utslcnauts
1105 1328 1113 1345 ·

469 1491 499 1546 in
521 1493 586 1564 ipsa
609 1486 673 1544 basi
696 1486 797 1546 litteris
818 1490 921 1545 aetatis
936 1488 1001 1561 sera
1022 1486 1149 1563 Aupusti
1170 1497 1221 1545 aut
1237 1491 1344 1564 paucis
1366 1491 1450 1546 annis

864 1593 1050 1665 posterioris:

764 1742 920 1788 conuenta
935 1757 943 1771 ·
958 1727 1101 1787 asxrcxul
1119 1758 1126 1774 ·
1141 1745 1157 1787 r

850 1845 1069 1889 nunccuoavu

295 2035 484 2097 Contulimus
512 2034 640 2096 Dressel
668 2044 699 2095 et
726 2053 792 2114 ego.
841 2035 967 2095 Fiorelli
993 2039 1095 2095 notizie
1124 2035 1202 2095 1878
1230 2055 1260 2113 p.
1279 2037 1351 2110 1333
1380 2036 1526 2098 Lanciani
1554 2037 1622 2097 buil.

293 2141 373 2200 arclt.
396 2158 465 2198 com.
483 2138 562 2199 1878
585 2159 614 2217 p.
632 2139 681 2213 99,
699 2139 737 2197 14
759 2138 810 2214 qui
833 2137 868 2196 de
891 2138 957 2196 basi
978 2138 1099 2198 uberius
1122 2138 1257 2216 disputat
1278 2140 1347 2198 buli.
1371 2140 1437 2198 deli
1454 2141 1526 2200 Inat.
1546 2139 1623 2197 1878

295 2263 323 2321 p.
344 2241 404 2301 209
417 2260 516 2321 seqq.;
538 2223 614 2302 Gori
636 2241 764 2300 archivio
779 2239 825 2297 Ill
847 2260 875 2318 p.
892 2240 942 2299 46.

336 2344 384 2403 De
406 2354 506 2404 statua
528 2341 687 2404 Corneliae
708 2340 913 2402 Gracchorum
935 2344 1024 2402 matri
1046 2344 1183 2404 dedicata
1204 2345 1243 2404 cf.
1266 2344 1385 2405 Plinius
1406 2364 1435 2404 n.
1451 2347 1480 2405 h.
1502 2346 1556 2417 34,
1573 2346 1625 2404 31:

295 2457 389 2506 estant
414 2448 530 2507 Catonis
552 2452 581 2506 in
603 2464 725 2507 censura
745 2445 960 2520 vociferationes
982 2445 1148 2507 mulieribus
1170 2457 1282 2508 statuas
1304 2449 1440 2508 Romania
1461 2452 1492 2507 in
1508 2452 1628 2525 prouin-

296 2553 349 2608 ciis
366 2554 452 2626 poni,
473 2568 525 2608 nec
546 2560 639 2613 tamen
655 2552 752 2626 potuit
772 2549 905 2620 inhibere,
928 2553 1076 2624 quominus
1097 2551 1206 2610 Romae
1226 2569 1335 2629 quoque
1352 2559 1535 2627 ponererttur,
1556 2554 1629 2609 sicut

299 2652 447 2712 Corneliae
476 2652 671 2712 Gracchorum
696 2655 798 2724 matri,
828 2671 903 2729 quae
922 2652 987 2726 suit
1013 2652 1151 2728 Africani
1173 2657 1284 2731 prioris
1307 2654 1384 2731 filia.
1428 2651 1536 2712 Sedens
1563 2654 1628 2711 huic

292 2757 391 2830 posita
415 2755 555 2832 soleisque
581 2759 643 2813 sine
669 2757 814 2813 ammentis
840 2756 963 2829 insiqnis
990 2757 1021 2811 in
1044 2754 1155 2814 Metelli
1176 2755 1297 2833 publica
1317 2758 1448 2831 porticus,
1473 2774 1548 2832 quaa
1568 2764 1628 2813 sta·

298 2866 348 2914 tua
372 2875 448 2914 nunc
473 2868 514 2916 est
539 2861 570 2914 in
596 2856 732 2918 Octauiae
756 2858 959 2932 operatua-
985 2855 1034 2916 De
1057 2855 1206 2917 Tisicrate
1231 2858 1271 2916 id.
1299 2858 1319 2916 l.
1339 2877 1364 2916 c.
1385 2857 1436 2929 67,
1461 2857 1500 2916 cf.
1525 2857 1628 2917 Brunn

297 2957 493 3035 Krinstlerqes.
517 2961 531 3017 l
556 2980 586 3038 p.
601 2960 678 3030 410;
704 2959 740 3016 de
766 2959 911 3017 artificum
938 2957 1108 3019 nominibus
1134 2959 1288 3037 inscriptis
1309 2960 1342 3030 in,
1361 2961 1485 3019 basibus
1509 2961 1628 3019 saeculo

298 3061 360 3120 iere
381 3064 469 3121 tertio
491 3069 544 3121 aut
564 3070 670 3138 quarto
692 3062 728 3120 de
751 3060 840 3121 Rossi
862 3061 932 3118 buil.
955 3061 1035 3121 arclt.
1058 3080 1133 3120 mun.
1158 3062 1238 3122 1874
1260 3081 1289 3138 p.
1308 3062 1367 3121 174
1378 3080 1441 3139 seq.
1464 3095 1502 3106 -
1526 3060 1631 3124 Soloe-

298 3164 399 3236 cismi,
426 3165 477 3242 qui
504 3175 549 3224 est
571 3165 601 3223 in
623 3164 679 3223 hac
701 3163 781 3233 basi,
807 3162 888 3240 quod
910 3164 1032 3222 verbum
1060 3172 1155 3223 mater
1178 3165 1321 3225 omissum
1343 3176 1403 3239 est,
1424 3167 1630 3227 Mommsenns

299 3266 376 3325 dixit
402 3267 460 3325 sibi
489 3286 580 3325 unum
609 3265 780 3341 exemplum
811 3273 913 3323 notum
941 3284 1022 3338 esse,
1052 3265 1132 3342 quod
1159 3267 1276 3326 litterae
1301 3267 1428 3327 Latinae
1455 3269 1501 3327 vel
1529 3269 1630 3345 potius

301 3366 446 3428 Gothicae
472 3369 676 3446 suppeditent,
703 3369 833 3426 nominis
856 3368 1022 3427 Alexandri
1044 3368 1197 3428 Mamaeae
1218 3370 1266 3429 bis
1288 3371 1406 3447 repetiti
1428 3368 1525 3429 Getis.
1546 3372 1629 3428 c.15

300 3471 338 3528 ab
364 3471 483 3531 homine
510 3473 590 3531 sexti
615 3471 729 3531 saeculi
750 3470 888 3529 Iordane.
932 3470 1063 3529 Maxime
1090 3470 1180 3549 igitur
1207 3472 1314 3531 mirum
1341 3472 1421 3531 bona
1447 3481 1543 3531 aetate
1566 3472 1634 3551 opi3

300 3574 388 3633 ficem
409 3573 490 3651 quod
511 3573 602 3632 vellet
622 3573 664 3632 ita
686 3590 747 3633 non
767 3572 876 3633 Latine
897 3574 1093 3649 expressisse.

192 3863 196 3871 ,
301 3801 366 3864 817
392 3804 590 3881 fragmentum
617 3822 815 3863 marmoreum
841 3803 950 3863 litteris
978 3803 1052 3863 satis
1073 3803 1162 3864 bonis
1185 3805 1297 3864 saeculi
1319 3807 1380 3864 iere
1401 3806 1505 3882 primi,
1531 3823 1632 3881 reper-

343 3916 405 3965 tum
431 3908 462 3966 in
487 3906 675 3966 eruderanda
700 3907 790 3966 villae
811 3905 1067 3965 Aldobrandiniae
1092 3916 1179 3984 parts
1204 3927 1254 3980 ea,
1280 3928 1334 3986 per
1359 3927 1450 3985 quam
1476 3909 1633 3968 duceretur

343 4010 393 4067 via
414 4009 590 4081 Nasionale3
613 4009 800 4069 servaturis
822 4008 970 4068 tabulario
993 4007 1164 4087 Capitolino
1186 4016 1216 4069 in
1238 4011 1386 4088 repositis.

888 4240 936 4272 Lm
943 4243 952 4272 1

884 4333 950 4388 syn
969 4349 977 4366 ·
997 4338 1055 4378 aas

874 4435 932 4473 ’ἧς
948 4449 955 4463 .

305 4624 476 4702 Descripsit
496 4622 646 4699 Schmidt,
673 4627 784 4686 contuli
806 4637 955 4705 ectypum.
1001 4624 1036 4686 Ο.
1056 4626 1091 4687 L.
1107 4626 1241 4687 Visconti
1264 4627 1333 4687 buli.
1356 4627 1436 4688 arch.
1460 4646 1527 4686 com.
1554 4627 1632 4686 1876

328 4729 422 4786 .111.
836 4735 844 4753 ·

305 4748 325 4805 p
348 4828 481 4906 Cogitari
506 4838 606 4908 potest
628 4831 664 4890 de
685 4832 784 4906 verbis
807 4831 855 4907 [ob
876 4832 1034 4909 r]edit[um]
1057 4833 1138 4893 illius
1161 4837 1225 4909 qun¹
1246 4832 1376 4909 arm[eis]
1480 4831 1634 4906 co(n)s(nl)

304 4931 498 5009 vindicarit]⁸
544 4931 633 5007 Quod
660 4942 758 4993 autem
786 4945 815 4992 et
841 4939 853 4992 i
878 4935 969 5011 longa
994 4953 1140 5013 expressa
1165 4955 1220 5011 per
1244 4935 1461 5011 diphthongum
1488 4943 1518 4991 ot
1544 4935 1635 4991 verba

305 5035 374 5109 ipsa
406 5035 568 5113 antiquiori
599 5036 688 5095 aetati
717 5037 874 5094 convenire
903 5037 1051 5108 videntur,
1083 5055 1173 5113 quam
1201 5038 1322 5113 qualem
1347 5037 1463 5096 litterae
1492 5036 1636 5108 indicant,

307 5138 511 5197 Mommsenus
532 5138 727 5216 probabiliter
748 5138 875 5197 coniecit
897 5139 1015 5199 titulum
1037 5157 1106 5199 esse
1128 5139 1307 5200 restitutum.
