3494 5812
687 497 1049 561 vnnunsuouvnuvu.
1455 477 1527 548 511

205 674 291 733 liberi
314 683 383 733 ante
404 673 553 732 civitatem
577 673 715 749 adeptam
737 673 800 732 nati
821 674 959 752 deinceps
978 673 1008 730 in
1030 671 1185 752 peregrina
1206 671 1379 731 condicione
1399 689 1530 730 remane·

206 786 281 835 rent.
318 776 354 834 Id
375 776 454 852 quod
477 776 634 835 confirmat
654 775 706 851 qui
728 794 753 833 c.
769 794 796 834 a.
814 775 872 835 160
887 776 1008 853 scripsit
1022 773 1120 836 Gaius
1137 776 1165 850 1,
1181 774 1234 834 572
1256 777 1397 834 nebrunis
1418 773 1532 850 quibus-

206 878 272 936 dum
294 879 409 937 concedi
429 878 500 936 solet
515 877 727 953 principalibus
750 878 993 938 constitutionibus
1015 877 1161 937 conubium
1176 896 1238 936 cum
1253 877 1297 934 bis
1312 875 1429 934 Latinis
1447 893 1531 951 pers-

204 983 329 1055 prinisoe
349 997 422 1055 quus
441 983 553 1055 primus
573 989 641 1056 post
660 983 820 1039 missionem
841 999 943 1040 uxores
964 982 1097 1039 duxerint
1117 980 1248 1059 (poterat
1263 979 1373 1038 addere
1389 974 1532 1036 ‘velante

208 1081 310 1141 ductas
332 1077 544 1156 retinuerint’):
569 1092 593 1141 et
614 1085 664 1158 qui
685 1101 718 1140 en
739 1101 770 1142 eo
790 1087 970 1142 nsotrimonio
991 1091 1159 1154 noscuntur,
1181 1091 1207 1140 st
1228 1084 1301 1142 ciues
1322 1081 1446 1139 Romani
1463 1083 1532 1137 etin

203 1193 345 1260 potestate
367 1193 519 1260 parentum
538 1184 623 1260 fiunt,
652 1203 719 1243 nam
746 1185 835 1244 tacite
863 1186 942 1245 cives
968 1185 1122 1245 Romanos
1148 1201 1216 1244 esse
1242 1190 1331 1260 negat
1354 1182 1468 1241 liberos
1494 1199 1532 1239 ex

207 1286 354 1345 eiusmodi
380 1287 455 1345 iuris
480 1286 630 1363 peregrini
658 1286 847 1346 matrimonio
873 1296 942 1345 aute
963 1287 1137 1346 missionem
1159 1295 1254 1346 natos.
1299 1285 1363 1344 lam
1385 1301 1456 1343 vero
1477 1283 1534 1341 hoc

208 1387 365 1465 privilegio
387 1389 457 1447 filiis
480 1397 547 1448 ante
570 1388 600 1447 id
622 1388 722 1449 datum
745 1391 824 1449 natis
850 1389 955 1448 civitas
977 1390 1146 1449 conceditur
1167 1389 1223 1449 sub
1245 1388 1332 1448 certis
1353 1384 1534 1446 madicioni·

208 1490 274 1563 bus,
296 1508 373 1566 quae
395 1510 460 1550 cnm
482 1490 615 1567 integrae
636 1491 676 1553 ad
697 1510 753 1552 nos
774 1511 833 1551 non
854 1494 1053 1568 pervenerint,
1076 1491 1291 1570 supplementis
1312 1506 1388 1567 opus
1410 1488 1475 1546 luit.

251 1590 465 1668 Supplementa
485 1593 642 1656 formanda
663 1600 749 1653 erant
768 1595 884 1653 ratione
904 1595 1007 1654 habita
1027 1603 1096 1653 ante
1117 1594 1217 1652 omnia
1241 1591 1408 1670 argumenti
1428 1591 1535 1650 herum

207 1694 306 1772 legum
329 1695 543 1767 universarum,
565 1695 645 1772 quod
668 1706 715 1757 est
735 1695 772 1755 de
794 1696 913 1756 civitate
934 1705 965 1754 et
985 1697 1120 1770 conubio,
1136 1705 1179 1755 ut
1198 1697 1230 1755 in
1251 1695 1299 1754 bis
1321 1695 1395 1752 baec
1417 1712 1534 1771 quoque

109 1803 115 1814 ⁴
209 1796 347 1854 clausula
367 1797 538 1856 necessario
560 1806 709 1867 versetur3
731 1798 802 1856 item
824 1798 938 1857 ratione
959 1799 1063 1857 habita
1083 1798 1233 1858 clausulae
1254 1795 1436 1856 recensentis
1457 1796 1535 1854 inter

210 1898 417 1956 beneficiarios
438 1908 557 1974 praeter
578 1900 657 1957 filios
679 1904 765 1957 etiarn
789 1901 891 1972 liliam,
920 1908 1032 1959 utnon
1054 1901 1181 1959 filiorum
1205 1908 1331 1972 tantum,
1354 1897 1406 1957 sed
1428 1897 1535 1956 libero·

210 2019 275 2057 rum
299 2000 451 2076 utriusque
473 2018 565 2059 sexus
587 2000 778 2079 privilegium
800 2002 856 2060 hoc
879 2003 945 2060 loco
967 2004 1150 2078 requiratur3
1172 2003 1242 2060 item
1266 2002 1422 2060 verborum
1446 2017 1478 2058 nn
1497 2017 1535 2069 se,

212 2121 287 2178 quae
309 2102 470 2161 secuudum
491 2104 610 2181 linguae
633 2103 713 2179 leges
735 2104 891 2180 requirunt
911 2113 944 2162 ut
964 2106 1095 2163 veterani
1115 2109 1175 2164 sint
1192 2105 1334 2180 aquibus
1353 2102 1535 2161 enuntiatum

211 2201 378 2280 regaturl).
414 2203 493 2263 Nam
515 2205 553 2264 ud
575 2205 666 2263 verba
687 2206 828 2264 nascendi
852 2215 881 2264 et
903 2206 1020 2264 oriundi
1043 2225 1109 2264 cum
1131 2206 1316 2283 praepositio
1336 2224 1368 2264 eo
1385 2205 1427 2263 ita
1441 2203 1537 2282 appli-

210 2317 301 2377 cetur,
330 2316 361 2364 ut
382 2307 576 2383 aequabiliter
601 2317 632 2367 et
657 2308 693 2367 de
719 2319 813 2367 matre
840 2318 998 2384 usurpetur
1022 2317 1052 2367 et
1075 2309 1113 2368 de
1133 2306 1273 2385 pamel),
1299 2308 1330 2365 in
1357 2307 1475 2384 legibus
1502 2306 1537 2364 de

211 2409 268 2468 hoc
298 2408 392 2485 magis
419 2409 553 2467 adhiberi
579 2409 670 2482 solet,
703 2419 736 2468 ut
766 2411 848 2469 filins
879 2421 964 2470 notus
996 2430 1029 2469 en
1055 2411 1153 2486 aliquo
1185 2418 1354 2488 opponatur
1380 2408 1536 2484 adoptiv03

210 2529 306 2587 neque
333 2511 409 2569 enim
436 2512 522 2597 aliter
546 2511 577 2570 id
602 2511 709 2571 Latine
736 2511 794 2570 dici
820 2512 969 2589 potest³),
1001 2531 1066 2571 cum
1086 2513 1169 2590 filius
1196 2513 1340 2570 naturalis
1365 2530 1424 2569 non
1452 2529 1538 2569 usur·

210 2622 297 2690 petur
319 2613 376 2671 nisi
399 2612 435 2671 de
456 2613 519 2672 lilio
540 2633 599 2672 non
622 2615 710 2673 iusto.
753 2613 812 2672 His
839 2614 1064 2673 condicionibus
1086 2623 1118 2672 ut
1139 2616 1344 2673 satisfacerem
1365 2622 1396 2672 et
1416 2611 1539 2672 difficile

211 2716 361 2790 negotium
385 2715 486 2790 aliqua
507 2716 623 2774 ratione
645 2716 830 2791 expedirem,
858 2718 1002 2794 proposui
1028 2717 1106 2792 quod
1129 2735 1220 2792 supra
1241 2716 1363 2793 legitur:
1385 2725 1539 2792 praeterea

212 2817 322 2892 [liberis
345 2816 504 2891 eorundem]
528 2818 710 2876 decurionum
731 2827 757 2876 et
779 2818 993 2893 centuriosnum,
1015 2823 1065 2893 qui
1087 2838 1149 2877 cum
1163 2819 1225 2894 filis
1247 2818 1290 2894 in]
1308 2818 1489 2895 prouinc(iu)
1505 2837 1538 2876 eu

211 2937 241 2976 se
263 2922 422 2994 procreatis
445 2919 558 2994 [milites
579 2921 620 2977 ibi
641 2918 804 2993 custel]luni
830 2929 935 2990 essent3
965 2928 1026 2992 aut,
1052 2923 1078 2978 si
1105 2921 1152 2978 cui
1179 2921 1275 2997 magis
1301 2919 1430 2995 placebit
1456 2920 1537 2978 filios

214 3040 271 3078 non
299 3023 376 3079 inter
401 3020 594 3094 castellanos,
621 3020 674 3079 sed
702 3020 791 3079 solita
816 3021 932 3079 ratione
959 3020 1149 3091 militavisse,
1179 3022 1235 3080 sic:
1260 3033 1408 3097 praetereo
1430 3022 1538 3097 [liberis

214 3123 373 3197 eorundem]
395 3123 576 3181 decurionum
597 3132 623 3180 et
643 3122 855 3198 centurio[num‚
882 3126 933 3198 qui
953 3123 1085 3199 probatis
1105 3123 1168 3198 filis
1191 3122 1234 3198 in]
1255 3123 1434 3200 prouinc(io)
1456 3143 1490 3183 en
1509 3142 1540 3182 se

208 3229 372 3303 procreatis
395 3224 465 3301 [ipsi
486 3225 526 3281 ibi
547 3223 712 3299 castel]luni
732 3234 831 3283 essent.

255 3326 344 3401 Quod
370 3327 395 3385 si
423 3345 509 3403 quem
536 3327 662 3386 offendit
686 3328 729 3385 ita
755 3346 793 3385 ex
819 3327 857 3385 iis
883 3345 960 3403 quae
985 3326 1166 3403 praecedunt
1191 3327 1274 3403 prius
1300 3346 1418 3387 comma
1443 3327 1538 3386 solum

214 3430 392 3505 cogitatione
415 3429 564 3506 suppleri,
592 3429 706 3487 scilieet
728 3432 865 3489 ciuitatem
887 3430 1046 3488 Romanum
1067 3430 1156 3502 dedit,
1183 3448 1249 3487 cum
1275 3430 1425 3508 posterius
1448 3440 1473 3488 et
1495 3449 1540 3489 eo-

213 3533 328 3589 nubium
432 3531 553 3606 sinpulis
576 3531 614 3589 ad
636 3531 713 3590 filios
735 3550 795 3590 non
814 3540 893 3590 recte
912 3530 1067 3605 referatur,
1088 3532 1218 3591 fortasse
1235 3532 1291 3591 hoc
1306 3551 1342 3590 ne
1358 3552 1458 3592 verum
1476 3533 1539 3609 qui·

292 3799 315 3863 ¹)
344 3802 430 3850 Velim
449 3817 481 3851 ne
501 3802 593 3851 leviter
611 3800 659 3850 hoc
679 3801 822 3863 aestiment,
843 3802 934 3867 quibus
953 3802 1038 3852 studia
1056 3802 1120 3853 hacc
1139 3803 1217 3852 hodie
1236 3818 1311 3853 curae
1327 3810 1386 3852 sunt
1399 3802 1541 3853 adsuefacti

215 3893 396 3958 scriptionibus
415 3895 514 3943 Latinis
534 3907 599 3957 quac
619 3893 737 3942 dicuntur
755 3893 889 3944 doctorum
912 3896 1001 3944 tertiae
1021 3896 1101 3959 magis
1120 3910 1197 3960 quem
1216 3895 1343 3944 secundae
1362 3895 1541 3945 declinationis

215 3984 349 4033 hominum
374 3993 400 4034 et
424 3993 559 4050 propterea
586 4000 661 4049 saepe
686 3987 753 4034 iusto
777 3987 901 4036 mitiores.
938 3987 1029 4051 Neque
1053 3989 1122 4036 enim
1146 3986 1188 4036 hic
1207 3988 1291 4050 agitur
1309 3987 1342 4035 de
1360 3987 1434 4036 titulo
1454 3987 1541 4052 aliquo

216 4077 323 4140 privato,
346 4092 408 4141 quos
427 4077 511 4126 omnis
530 4077 632 4140 generis
651 4077 809 4127 soloecismis
828 4078 959 4128 abundare
978 4093 1054 4127 nemo
1074 4087 1158 4143 negat,
1178 4078 1224 4127 sed
1244 4078 1276 4127 de
1294 4079 1350 4142 lege
1368 4078 1471 4142 publica
1488 4079 1542 4128 eius

215 4170 329 4232 generis,
354 4169 380 4218 in
401 4183 451 4233 quo
471 4168 623 4218 barbarismi
642 4169 722 4218 febris
740 4170 898 4235 imputandi,
923 4178 952 4220 ut
970 4171 1034 4220 illud
1053 4186 1099 4236 que
1117 4185 1164 4235 pro
1184 4185 1259 4235 quae,
1285 4177 1343 4218 aute
1366 4171 1469 4220 tertium
1487 4185 1542 4220 sse·

216 4262 300 4310 culum
320 4261 396 4323 nulli,
422 4260 572 4310 barbarismi
593 4269 689 4322 autem,
715 4263 758 4327 qui
782 4264 815 4313 sd
841 4271 971 4313 auctorem
990 4264 1053 4328 legis
1072 4263 1187 4324 redeant,
1212 4263 1283 4312 nullo
1304 4270 1419 4327 tempore
1438 4263 1484 4312 ulli
1503 4278 1541 4312 re·

217 4353 358 4417 puniuntur.

292 4442 317 4506 ²)
346 4445 411 4497 Inde
430 4461 481 4495 non
500 4447 585 4496 minus
603 4453 670 4497 recte
690 4447 783 4497 dieitur
801 4461 877 4513 nepos
898 4462 929 4497 eu
946 4447 1005 4514 filio
1023 4455 1099 4498 nctus
1117 4463 1193 4513 quarn
1212 4463 1289 4515 nepos
1306 4463 1337 4497 eu
1354 4446 1425 4514 filio.
1462 4447 1542 4497 Addo

216 4538 287 4587 locos
307 4539 440 4602 quosdam.
477 4539 576 4588 Ennius
594 4539 686 4603 fragm.
706 4539 758 4589 346
777 4539 893 4589 Vahlen:
919 4556 979 4591 neec
998 4547 1023 4590 tu
1042 4557 1156 4609 umquam
1174 4541 1201 4591 in
1219 4540 1337 4607 premium
1355 4538 1464 4590 exsultas
1482 4537 1544 4591 iibe-

216 4637 379 4679 commeate
391 4645 475 4695 uenus.
508 4631 645 4681 Terentius
658 4631 760 4695 Hecyra
773 4629 840 4680 libb:
861 4632 885 4679 si
902 4648 932 4680 ex
950 4648 986 4681 me
1005 4631 1054 4682 illc
1073 4631 1166 4683 liberos
1183 4631 1259 4682 uellet
1276 4629 1333 4681 sibi.
1364 4632 1478 4697 Adelph.
1494 4633 1544 4682 lb:

217 4737 248 4769 ex
270 4736 306 4770 me
331 4719 372 4771 bic
393 4728 467 4770 nutus
489 4738 540 4770 non
563 4729 612 4784 est,
639 4721 684 4770 sed
699 4721 787 4786 fratre
812 4737 842 4771 eu
864 4739 924 4772 meo.
967 4724 1103 4775 Sallustius
1122 4723 1178 4788 Iug¹
1199 4725 1224 4786 5,
1238 4724 1267 4774 t:
1291 4725 1315 4773 is
1333 4722 1502 4774 Adherbalem
1521 4730 1546 4773 et

218 4810 385 4879 Hiempsalem
409 4830 440 4863 en
460 4829 513 4863 sese
526 4811 616 4878 bennit
635 4812 827 4880 luquntbnmque
846 4850 853 4863 .
869 4851 876 4864 .
894 4851 900 4864 .
920 4814 1003 4865 eodem
1021 4815 1089 4865 cultu
1109 4832 1156 4882 quo
1176 4814 1269 4866 liberos
1287 4833 1345 4866 suos
1363 4815 1432 4866 domi
1447 4814 1543 4866 babuit.

218 4906 343 4969 Ulpianus
362 4905 423 4969 Dig.
436 4907 479 4966 49,
498 4906 538 4966 lb,
555 4908 587 4954 21
603 4922 656 4970 pu:
679 4907 703 4955 si
720 4907 777 4972 quis
859 4922 889 4955 en
907 4923 933 4956 se
952 4915 1036 4957 nutum
1055 4906 1099 4957 sub
1120 4907 1191 4958 titulo
1209 4909 1337 4959 naturalis
1353 4908 1410 4974 filii
1491 4927 1543 4959 ma·

219 4998 353 5046 numismit.
392 4997 432 5047 ct.
452 4998 569 5047 blandius
587 4998 615 5046 in
634 4998 781 5047 Tursellinu
802 5000 817 5046 2
837 5014 861 5062 p.
878 4999 938 5049 636.

295 5086 319 5150 ³)
347 5088 433 5140 Simili
452 5089 551 5139 ratione
569 5089 626 5153 lege
646 5098 747 5140 cautum
766 5096 821 5140 erat
839 5097 867 5139 ut
885 5092 949 5140 socii
962 5092 1074 5143 nominis
1093 5093 1179 5144 Latini
1199 5094 1267 5143 cives
1286 5093 1396 5145 Romani
1414 5094 1505 5143 flerent
1523 5093 1545 5141 ii

218 5183 262 5246 qui
280 5182 379 5248 stirpem
398 5198 429 5231 eu
447 5197 498 5231 sese
516 5180 583 5231 dorni
601 5181 768 5250 relinquerent
787 5183 853 5244 (Lis.
867 5184 911 5246 41,
927 5183 962 5247 8).

1273 5273 1333 5334 34*
