3494 5812
218 1595 585 1709 IIVNIIRIBVS
619 1430 1032 1708 muruxblhvs
1061 1594 1544 1711 csuhvsleulhv

649 1761 1109 1875 lususluslssvs

216 2086 397 2226 Munera
418 2166 561 2224 militaria
583 2167 699 2224 minora
720 2168 823 2242 qualia
842 2167 954 2225 luerint
973 2177 1002 2224 et
1021 2186 1080 2243 qua
1093 2167 1208 2225 ratione
1222 2185 1276 2244 per
1290 2167 1426 2225 diversas
1440 2177 1541 2245 partes

216 2271 364 2328 exercitus
387 2269 514 2326 Romani
536 2268 709 2341 distributa,
732 2288 798 2328 cum
821 2271 1024 2346 quaerendum
1048 2269 1120 2327 mihi
1141 2268 1382 2346 proposuissem,
1405 2271 1543 2348 exempla

215 2392 318 2430 eorum
340 2372 548 2448 epigraphiea,
571 2373 670 2446 quoad
690 2371 788 2430 lacere
809 2372 907 2449 potui,
935 2372 1035 2429 omnia
1055 2371 1171 2448 collegi.
1216 2368 1276 2430 Sed
1298 2380 1458 2447 postquam
1482 2392 1542 2430 ma·

216 2474 320 2532 teriam
343 2475 499 2532 collectam
521 2474 656 2549 digerere
678 2476 777 2551 coepi,
806 2494 878 2533 mox
904 2474 1039 2532 intellexi
1061 2491 1173 2551 paucas
1196 2490 1262 2532 esse
1284 2492 1349 2544 res,
1375 2473 1542 2549 dequibus

215 2577 268 2634 illa
290 2595 362 2634 usus
385 2577 538 2633 scientiam
560 2576 692 2634 virorum
715 2577 869 2634 doctorum
895 2586 947 2634 aut
971 2594 1081 2652 augere
1107 2584 1160 2633 aut
1186 2575 1335 2652 corrigere
1358 2593 1448 2653 posse
1469 2577 1541 2634 mihi

214 2679 337 2736 viderer.
382 2678 497 2736 Tamen
525 2677 663 2753 quoniam
692 2698 751 2736 non
779 2678 958 2749 dubitabam,
990 2678 1063 2754 quin
1088 2677 1139 2736 alii
1166 2686 1277 2749 essent,
1305 2677 1412 2754 quibus
1438 2678 1540 2737 eadem

215 2781 349 2838 subsidia
370 2780 512 2838 maiorem
536 2798 622 2838 usum
644 2781 785 2855 praebere
807 2792 942 2858 possent,
965 2781 1065 2838 omnia
1087 2780 1196 2855 publici
1217 2779 1293 2839 iuris
1315 2781 1414 2840 facere
1432 2783 1541 2840 consti-

215 2884 267 2940 tui.
311 2883 361 2940 Ad
384 2883 543 2940 solvendas
561 2887 767 2957 quaestiones,
795 2902 872 2959 quae
899 2892 969 2940 suut
991 2884 1027 2939 de
1049 2883 1236 2957 promotione
1258 2883 1480 2959 principalium,
1503 2886 1540 2944 de

214 2985 403 3043 distinctione
429 2985 639 3060 signiferorum
662 2993 691 3041 et
712 2985 951 3055 vexillariorum,
979 2985 1016 3043 de
1043 2984 1112 3042 aliis
1139 2985 1305 3043 minoribus
1332 2986 1439 3059 rebus,
1468 2987 1540 3062 quid

213 3087 280 3164 ipse
307 3086 494 3158 contulerim,
527 3087 614 3145 facile
644 3087 786 3144 videbunt
812 3087 899 3145 huius
924 3087 1042 3162 generis
1070 3086 1171 3162 periti,
1204 3087 1253 3161 qui
1281 3086 1435 3164 catalogos
1462 3089 1540 3148 inira

214 3190 341 3266 scriptos
366 3190 555 3267 perlegerint.
599 3188 724 3248 Ceterae
751 3190 951 3265 expectabunt
978 3207 1100 3264 operam
1127 3188 1283 3260 doctioris,
1310 3190 1358 3247 cui
1384 3191 1538 3249 materiam

212 3311 271 3349 non
298 3292 363 3350 sine
389 3293 491 3349 labore
519 3292 671 3350 collectam
700 3302 729 3349 et
755 3301 837 3349 certa
861 3292 975 3349 ratione
997 3291 1175 3367 dispositam
1198 3291 1438 3367 suppeditavisse
1465 3294 1538 3354 satIs

213 3394 338 3453 habebo.

295 3498 415 3575 Perlegi
438 3499 571 3574 corporis
594 3498 820 3573 inscriptionum
839 3496 1013 3555 Latinarum
1031 3515 1068 3554 ea
1083 3496 1244 3569 volumina,
1267 3515 1344 3572 quae
1360 3497 1441 3556 edita
1456 3509 1536 3571 sunt,

212 3620 277 3657 cum
301 3601 509 3658 additamentis
531 3600 562 3656 in
585 3600 641 3658 hac
664 3599 851 3676 ephemeride
873 3599 970 3672 editis,
998 3608 1152 3674 praeterea
1173 3600 1282 3672 octavi,
1313 3600 1394 3672 nonI,
1421 3601 1536 3672 decimi,

213 3703 357 3759 undecimi
382 3703 564 3759 voluminum
587 3721 638 3760 eas
661 3712 772 3778 partes,
794 3721 871 3777 quae
893 3703 951 3760 iam
974 3703 1055 3778 typis
1077 3702 1240 3776 impressae
1262 3709 1340 3774 sunt,
1362 3703 1537 3778 etreliqua-

211 3824 275 3860 rum
300 3804 426 3879 partium
449 3805 585 3876 schedae,
608 3823 683 3879 quas
706 3821 810 3862 earnes
824 3805 1027 3863 Mommsenus
1043 3811 1072 3860 et
1087 3803 1276 3861 Bormannus
1297 3821 1415 3862 summa
1429 3804 1535 3863 libera·

211 3906 294 3965 litate
315 3906 387 3964 mihi
409 3907 615 3982 permiserunt.
653 3907 810 3965 Accedunt
831 3925 938 3982 corpus
960 3906 1187 3982 inscriptionum
1208 3905 1420 3964 Rhenanarum
1442 3923 1472 3964 et
1492 3899 1535 3964 i'n·

211 4010 404 4085 scriptionum
425 4008 608 4067 Gallicarum
631 4009 823 4067 collectiones
841 4030 860 4066 a
874 4008 1039 4067 Boissievio
1062 4016 1092 4065 et
1113 4006 1264 4082 Herzogio
1284 4007 1390 4068 iactae.
1423 4008 1535 4069 Titulis

210 4112 372 4181 Africanis,
394 4129 518 4186 quorum
540 4111 627 4187 longe
649 4113 780 4169 maxima
801 4130 871 4189 pars
893 4112 924 4169 in
948 4109 1091 4187 Corporis
1113 4109 1263 4168 volumine
1277 4109 1351 4168 VIII
1372 4112 1453 4188 typIs
1474 4112 1535 4170 iam

209 4217 358 4287 impressa
383 4221 442 4283 est,
470 4223 587 4289 praeter
613 4232 754 4272 numeros
784 4214 847 4272 eius
872 4213 1032 4272 voluminIs
1060 4213 1149 4270 etiam
1175 4230 1314 4271 numeros
1334 4212 1456 4272 Renieri
1482 4215 1534 4272 ad·

211 4316 328 4392 scripsi.
361 4315 480 4374 Titulos
497 4315 630 4375 Graecos
652 4337 690 4375 ex
712 4317 808 4374 indice
823 4315 943 4374 Roehlii
965 4315 1108 4372 collectos
1128 4314 1262 4384 adhibui,
1283 4333 1462 4391 quamquam
1478 4336 1533 4375 nec

209 4419 296 4476 multi
318 4427 389 4474 sunt
410 4438 464 4475 nec
487 4439 611 4496 magnae
638 4419 668 4476 in
697 4419 753 4475 hoc
780 4437 888 4494 genere
915 4417 1061 4475 utilitatis.
1103 4416 1229 4474 Munera
1249 4417 1390 4476 militaria
1411 4437 1448 4475 ea
1469 4428 1532 4476 tan·

210 4531 270 4579 tum
294 4521 514 4598 comprehendi,
536 4541 610 4597 quae
632 4530 684 4579 aut
705 4521 784 4579 intra
806 4521 938 4578 ordinem
961 4519 1156 4596 promotionis
1171 4520 1273 4594 posits
1290 4529 1368 4592 sunt,
1391 4520 1428 4576 ad
1443 4539 1532 4596 quem

209 4633 360 4698 tamquam
383 4624 469 4681 linem
492 4636 556 4682 tota
577 4625 785 4681 commentatio
808 4623 914 4692 tendit,
942 4630 994 4679 aut
1020 4620 1081 4678 alia
1105 4621 1219 4678 ratione
1245 4639 1313 4679 cum
1335 4622 1441 4680 ceteris
1464 4640 1531 4680 con·

207 4727 317 4784 iuncta.
354 4726 482 4785 Exclusi
503 4727 594 4803 igitur
616 4726 790 4783 classiarios
812 4733 842 4782 et
863 4724 1024 4793 technicos,
1047 4734 1201 4799 praeterea
1214 4730 1365 4796 evocatos,
1387 4741 1464 4799 quos
1480 4743 1532 4783 nu·

207 4849 261 4904 per
282 4829 432 4886 Iohannes
455 4828 589 4888 Schmidt
614 4827 842 4902 diligentissima
867 4826 1040 4901 quaestione
1066 4827 1212 4884 tractavit.
1256 4826 1354 4886 Omisi
1379 4826 1466 4884 etiam
1495 4847 1533 4885 ea

207 4932 342 5000 uomina,
368 4950 444 5006 quae
473 4951 539 4988 cum
566 4932 658 4989 semel
680 4930 726 4988 vel
751 4930 796 4987 bis
818 4927 1014 5003 reperiantur,
1040 4928 1184 4986 incertum
1207 4936 1261 4998 est,
1288 4938 1386 4987 utrum
1408 4948 1532 4987 munera

207 5033 348 5091 militaria
369 5034 536 5109 significent
558 5053 656 5090 necne.
701 5030 780 5089 Nam
802 5031 945 5089 nonnulla
967 5030 1113 5088 Immerito
1140 5050 1159 5087 a
1185 5031 1256 5088 viris
1283 5031 1378 5089 doctIs
1405 5031 1461 5088 huc
1485 5050 1532 5088 re·

208 5133 271 5192 lata
300 5155 367 5194 esse
397 5143 531 5211 apertum
563 5145 616 5192 est.
672 5137 700 5191 A
730 5133 824 5191 titulis
857 5131 962 5191 aetatis
995 5131 1183 5191 Diocletiano
1214 5131 1365 5191 inferioris
1398 5132 1530 5191 abstinui
