3474 5812
369 501 553 556 nonusnn
574 501 876 555 onsaavarronas
894 501 1176 555 amensamens.
1361 487 1432 557 517

109 679 295 739 Octodurum
321 677 409 736 vallis
430 678 584 737 Poeninae
610 676 751 755 oppidum
779 694 847 735 esse
872 677 1061 736 notissimum
1086 677 1172 737 lectio
1195 678 1355 738 reformata
1376 691 1435 739 sta-

108 781 220 853 bilivit,
247 800 303 839 nea
329 780 486 857 quisquam
513 780 619 856 opinor
644 779 811 857 Zippelium
838 778 939 853 audiet
963 781 1155 839 conicientem
1183 780 1309 840 alterum
1334 784 1435 843 nescio

109 883 188 959 quod
211 882 343 941 eiusdem
358 882 487 941 nominis
511 882 653 960 oppidum
676 882 785 941 alicubi
807 882 837 940 in
851 881 960 941 Raetia
975 900 1043 942 esse
1057 883 1201 959 potuisse.
1215 916 1252 926 —
1269 881 1436 945 Confirma-

110 993 157 1044 tur
178 986 233 1056 ita,
260 983 339 1060 quod
366 985 433 1042 item
461 985 533 1044 olim
555 985 682 1055 conieci,
710 1003 764 1061 pro
787 970 888 1045 Ουίκος
899 984 927 1061 ¹)
949 987 1153 1063 reponendum
1181 1003 1248 1046 esse
1270 973 1436 1051 Οὖιουισκος

109 1097 210 1146 notum
238 1105 278 1145 ex
305 1086 480 1159 itinerariis,
513 1087 602 1146 hodie
624 1087 736 1163 Vevey.
770 1123 807 1133 -
843 1088 1014 1147 Ebodnrum
1043 1106 1108 1147 cum
1134 1088 1251 1166 legatur
1277 1089 1436 1166 interposi·

108 1197 170 1258 turn
192 1189 269 1248 inter
286 1187 471 1247 Octodurum
494 1196 523 1248 et
537 1189 700 1262 Viviscum,
723 1190 924 1267 quaerendum
944 1208 1014 1249 esse
1035 1200 1161 1269 apparet
1182 1192 1220 1250 ad
1242 1200 1331 1267 caput
1351 1192 1435 1252 lacus

109 1291 264 1350 Lemanni.
301 1294 344 1350 At
365 1290 474 1366 pendet
495 1292 633 1368 quaestio
656 1293 729 1351 haec
751 1292 787 1351 de
808 1293 876 1351 loco
897 1291 1032 1350 Notitiae
1053 1292 1241 1370 Dignitatem
1262 1293 1435 1354 Occidentis

110 1393 202 1466 aas,
221 1394 256 1452 15
280 1393 377 1453 adhuc
398 1412 504 1470 parum
526 1403 605 1452 recte
628 1402 764 1465 tractato,
790 1395 839 1454 ubi
861 1413 926 1454 eum
949 1396 1115 1454 nominetur
1139 1397 1304 1472 praefectus
1332 1398 1435 1457 classis

110 1498 307 1556 bercariarum
328 1496 484 1555 Ebradani
505 1497 681 1572 Sapaudiae,
703 1497 730 1556 is
752 1497 803 1555 abi
825 1497 925 1556 sedem
946 1498 1085 1557 babuerit
1106 1499 1353 1559 considerandum
1379 1508 1434 1559 est.

109 1601 330 1659 Enumerantur
351 1599 393 1657 ibi
415 1600 639 1676 praepositurae
659 1599 790 1676 quinque
812 1601 992 1659 constitutae
1014 1599 1159 1674 Viennae,
1185 1601 1317 1675 Arelate,
1339 1602 1434 1661 Ebru-

110 1704 180 1762 duni
204 1700 383 1778 sapaudiae,
409 1702 564 1760 Massiliae
587 1701 784 1775 Graecorum,
813 1701 980 1779 sapaudiae
1003 1701 1171 1763 Calaronae
1193 1705 1248 1763 sub
1270 1706 1436 1781 praescrip·

110 1808 200 1876 tione,
223 1815 255 1863 ut
276 1805 369 1863 estin
389 1804 485 1876 libris,
508 1809 538 1862 ia
555 1808 709 1882 provincia
728 1805 830 1864 Gallia
842 1808 997 1881 niparensi.
1035 1804 1121 1878 Quae
1142 1808 1315 1866 verbenam
1335 1817 1436 1886 aperte

111 1917 250 1985 corrupta
273 1908 341 1978 sint,
364 1911 539 1982 riperensem
560 1927 614 1983 pro
634 1911 781 1983 niparensi
801 1907 852 1983 qui
873 1907 1068 1966 restituerunt
1088 1908 1118 1967 id
1139 1909 1332 1967 coniectando
1354 1930 1436 1968 orea-

110 2020 226 2083 verunt,
249 2008 327 2086 quod
350 2009 375 2067 si
398 2009 537 2068 traditum
560 2018 648 2082 esset,
669 2028 744 2069 crux
765 2010 957 2086 interpretum
975 2010 1066 2083 foret3
1089 2030 1157 2070 uam
1178 2029 1244 2070 cunr
1266 2011 1435 2071 distributio

112 2112 279 2173 Galliarum
302 2111 458 2171 notissima
480 2113 528 2183 sit,
550 2113 715 2189 riparensis
732 2109 834 2171 Gallia
855 2130 1001 2189 nusquam
1023 2112 1109 2172 redit.
1147 2111 1259 2172 Contra
1273 2121 1333 2171 tres
1348 2114 1435 2173 urbes

110 2216 207 2274 clarae
220 2214 336 2273 Vienna
349 2215 470 2273 Arelate
486 2214 621 2273 Massilia
642 2233 707 2272 cnm
729 2234 834 2274 omnes
845 2215 1025 2273 Viennensis
1048 2216 1219 2291 provinciae
1236 2215 1297 2275 sint
1311 2234 1435 2293 sequan-

108 2329 215 2395 turque
238 2318 338 2376 statim
361 2317 450 2375 simili
472 2317 538 2376 loco
560 2316 828 2394 Novempopnlana
848 2317 1124 2395 Lugdunensesque
1150 2326 1180 2377 et
1205 2319 1300 2396 prima
1325 2326 1355 2377 et
1381 2318 1435 2380 Se·

109 2422 199 2481 nonia
229 2428 258 2478 et
288 2420 372 2479 locus
404 2419 524 2477 omnino
548 2419 662 2496 ‘flagitet
684 2420 864 2478 mentionem
887 2429 947 2478 tam
969 2419 1114 2479 dioecesis
1137 2419 1183 2496 (id
1204 2422 1286 2496 quod
1307 2421 1435 2498 pervidit

110 2522 267 2598 Seeckius)
284 2541 371 2599 quam
386 2522 568 2599 provinciae,
582 2522 777 2599 praescriptio
788 2522 937 2598 quomodo
952 2521 1137 2581 emendanda
1148 2523 1197 2595 sit,
1212 2533 1298 2581 extra
1313 2523 1434 2581 dubium

109 2628 238 2705 positum
265 2633 321 2696 est,
349 2624 460 2683 scilicet
486 2625 673 2683 scribendum
701 2627 731 2682 in
760 2624 874 2683 Gallia:
902 2629 932 2683 in
952 2628 1104 2702 provincia
1127 2624 1285 2684 Viennensi.
1329 2625 1435 2701 Itaque

111 2731 199 2789 etiam
222 2727 391 2803 Sapaudiae
414 2726 520 2785 Calaro
543 2727 607 2786 sine
628 2728 719 2786 dubio
738 2725 845 2785 Cularo
868 2737 915 2786 est
933 2728 997 2786 sive
1013 2726 1240 2804 Gratianopolis
1255 2725 1435 2805 (Grenoble)

111 2831 182 2889 urbs
203 2839 234 2889 et
251 2831 319 2904 ipsa
330 2827 511 2887 Viennensis
527 2829 698 2904 provinciae
712 2830 821 2889 finibus
837 2830 1061 2907 comprehensa,
1085 2849 1138 2889 uec
1153 2831 1312 2907 quicquam
1327 2830 1434 2903 obstat,

112 2932 270 3009 quominus
287 2930 456 3007 Sapaudiae
478 2931 654 2990 vocabulum
677 2941 799 2990 eatenus
820 2932 1018 3009 porrigamus.
1050 2933 1216 3009 Postquam
1230 2941 1373 3008 quattuor
1388 2953 1436 2990 ur·

112 3039 165 3096 bes
188 3036 420 3093 demonstratum
442 3043 488 3092 est
509 3033 546 3091 ad
562 3033 761 3092 Viennensem
783 3035 967 3112 provinciam
990 3036 1147 3110 pertinere,
1172 3035 1250 3093 idem
1273 3035 1310 3092 de
1332 3034 1435 3110 quinto

111 3150 230 3215 quoque
248 3138 383 3195 obtineat
401 3154 520 3195 necesse
537 3145 589 3195 est.
626 3135 819 3195 Ebrudunum
835 3138 926 3215 igitur
939 3138 998 3195 iam
1014 3137 1196 3213 intellegitur
1210 3154 1306 3213 neque
1322 3137 1436 3195 Eburo·

111 3243 220 3301 dunum
249 3237 424 3315 Caturigum
451 3238 614 3314 (Embrun)
643 3257 710 3298 esse
738 3258 833 3315 neque
858 3239 1071 3298 Eburodunum
1093 3239 1298 3299 Helvetiorum
1326 3238 1436 3314 (Yver-

111 3342 200 3418 dun);
233 3341 305 3400 illud
332 3341 410 3399 enim
437 3341 469 3400 in
494 3341 648 3419 provincia
675 3342 796 3419 Alpium
824 3343 1038 3400 maritimarum
1066 3341 1135 3411 fuit,
1162 3342 1219 3399 hoc
1243 3343 1273 3398 in
1301 3342 1436 3400 Maxima

112 3444 329 3521 Sequanorum.
371 3444 497 3503 Accedit
523 3445 603 3520 qnod
626 3441 796 3519 Sapaudiae
820 3445 928 3504 finibus
951 3451 1085 3503 nentrum
1107 3453 1188 3503 recte
1210 3444 1436 3520 comprehendi-

111 3544 205 3621 tnrl).
250 3546 320 3605 Alio
347 3564 465 3622 quoque
491 3547 610 3604 nomine
631 3546 828 3606 Ebrodunum
850 3545 985 3606 Notitiae
1011 3545 1188 3624 oppidorum
1211 3565 1313 3605 eorum
1339 3549 1437 3606 neutri

110 3658 211 3729 aptum
233 3658 289 3718 est,
311 3647 363 3705 sed
385 3649 481 3725 magis
504 3649 706 3724 quaerendum
727 3650 757 3707 in
779 3651 846 3725 ripa
863 3650 946 3708 lacus
965 3648 1120 3707 Lemanni.
1157 3648 1307 3708 Nimirum
1328 3648 1436 3723 elassis

110 3752 195 3810 nullo
224 3751 312 3809 modo
343 3752 446 3809 referri
478 3759 576 3826 potest
605 3750 642 3808 ad
668 3750 902 3811 Ebrndnnenses
929 3750 1089 3828 Caturiges
1116 3762 1146 3810 et
1172 3769 1277 3829 parum
1303 3759 1372 3829 apte
1397 3752 1437 3810 ad

111 3853 363 3919 Eborudunenses
384 3852 554 3925 Helvetios3
582 3853 666 3911 lacus
693 3854 771 3912 enim
797 3855 823 3912 is
849 3855 897 3912 cui
922 3854 952 3912 hi
976 3853 1113 3912 adiacent
1137 3853 1265 3914 classem
1290 3864 1435 3913 armatam

111 3976 171 4015 nou
197 3955 372 4030 requirebat.
420 3956 516 4015 Immo
543 3950 691 4014 eiusmodi
717 3956 822 4015 classis
849 3975 886 4015 ea
911 3965 1007 4015 aetate
1028 3956 1058 4014 in
1081 3956 1129 4014 his
1151 3957 1286 4033 partibus
1312 3955 1436 4038 cogitari

111 4058 194 4119 nulla
219 4065 320 4133 potest
345 4057 403 4115 nisi
430 4057 461 4114 in
489 4057 557 4116 laon
583 4056 748 4117 Lemanno.
795 4057 988 4117 Ebrudunum
1019 4058 1111 4135 igitur
1140 4077 1206 4117 cum
1234 4058 1325 4118 suerit
1350 4065 1379 4117 et
1404 4058 1436 4118 in

112 4234 315 4242 ———·

188 4362 211 4423 ¹)
238 4361 315 4424 Quod
334 4364 359 4412 in
379 4378 431 4412 uno
449 4363 516 4413 libro
535 4379 587 4413 non
607 4365 704 4429 optimo
718 4365 845 4415 Vaticano
861 4365 911 4414 178
931 4365 1025 4430 legitur
1038 4353 1150 4422 Οὕισκος
1169 4362 1320 4415 auctoritate
1338 4371 1416 4416 caret.

187 4452 211 4516 ²)
237 4457 320 4506 Locos
344 4457 376 4505 de
401 4455 532 4520 Sapaudia
555 4465 753 4520 composuerunt
776 4456 949 4522 Boeckingius
973 4457 1007 4507 ad
1030 4458 1092 4508 Not.
1116 4458 1196 4523 Dign.
1214 4457 1302 4509 Occid.
1322 4474 1346 4522 p.
1365 4457 1435 4508 1015

111 4562 220 4614 eumque
242 4555 342 4597 secutus
368 4548 482 4612 Binding
509 4545 653 4599 Geacbicltte
671 4547 716 4599 des
734 4546 1096 4615 impendistis-romanisaden
1114 4547 1282 4617 Kinipreicba
1300 4566 1326 4615 p.
1340 4549 1364 4611 5,
1390 4550 1436 4600 sed

112 4641 226 4690 Notitiae
247 4640 304 4690 loco
323 4655 415 4705 parum
433 4641 562 4690 intellecto
582 4641 681 4707 decepti
700 4649 767 4692 sunt.
797 4641 847 4703 Qui
866 4642 963 4706 primns
982 4642 1129 4708 Sapaudiae
1147 4643 1265 4693 meminit
1282 4642 1436 4693 Ammianus

114 4731 154 4792 15,
168 4734 214 4781 112
234 4731 420 4782 Rhodanus
436 4731 532 4799 paludi
549 4748 601 4782 sese
620 4734 761 4800 inpnrpitat
778 4734 874 4784 nomine
887 4731 1021 4796 Lemanno,
1040 4733 1105 4784 ande
1119 4750 1169 4802 per
1184 4733 1341 4802 Sapaudiam
1360 4734 1436 4796 (liber

108 4838 233 4891 perpensa
245 4823 378 4891 paediam)
391 4824 478 4888 fertur
496 4832 520 4874 et
536 4822 666 4891 Sequanos
684 4825 803 4892 lanpeqae
816 4842 969 4893 progressas
984 4823 1139 4877 Viennensem
1157 4829 1260 4877 sinistra
1274 4828 1433 4895 perstringit,

111 4915 199 4966 dextro
218 4914 418 4982 deprimentem,
445 4916 467 4966 si
485 4917 523 4966 ita
541 4918 655 4983 scripsit,
680 4919 747 4968 male
766 4919 878 4982 scripsit;
905 4920 1057 4970 crediderim
1080 4921 1168 4984 paullo
1187 4921 1262 4971 aliter
1281 4928 1356 4986 atqua
1374 4920 1436 4969 tecit

111 5007 230 5058 Valesius
253 5009 340 5059 locum
362 5009 506 5060 ssuwdum
529 5023 585 5060 esse
608 5009 743 5061 scribendo
762 5017 867 5078 praeter
886 5008 1043 5078 Sapaudiam
1062 5020 1087 5062 et
1105 5014 1155 5063 hoc
1174 5012 1311 5078 significari
1331 5011 1435 5062 Rhoda-

111 5117 173 5152 num
191 5115 208 5150 a
227 5099 335 5152 Genava
355 5101 418 5153 inda
439 5100 518 5153 inem
539 5100 627 5155 aar·
650 5103 761 5169 primurn
785 5104 852 5154 inter
874 5105 1032 5171 provinciam
1052 5105 1195 5156 Maximam
1213 5106 1391 5173 Sequanorum
1410 5111 1436 5154 et

112 5192 279 5258 Sapaudiam,
297 5192 394 5252 minda
406 5193 479 5257 lates
492 5192 710 5273 mm
729 5201 756 5247 at
773 5197 944 5249 Viennensem
963 5198 1115 5269 provincias.
