3474 5812
480 489 1080 552 onssnvsrrouasnrronsrnrcsn.
1368 465 1440 546 541

119 674 203 732 deret
224 674 412 750 singulisque
435 672 568 748 singulas
590 679 691 746 partes
714 671 885 748 provinciae
906 672 1089 739 attribueret,
1111 687 1187 746 qnae
1209 669 1262 728 sub
1285 688 1320 727 eo
1342 686 1447 727 cense-

117 787 208 835 retur.
245 776 293 833 Ita
315 775 481 850 Tacitus1)
508 783 611 832 namet
632 772 841 833 Germanicum
868 791 974 833 census
997 771 1165 832 Galliarum
1191 772 1385 847 accipientem
1408 769 1445 828 ad

118 896 170 936 eos
193 878 311 937 misisse
331 877 367 936 P.
380 877 536 935 Vitellium
558 885 587 934 et
608 872 643 935 C.
658 875 783 934 Antium
804 895 843 934 ex
864 875 1022 934 comitibus
1044 875 1119 948 suis3
1153 874 1348 951 similiterque
1369 873 1446 932 iudi·

120 981 245 1039 candum
273 989 318 1038 est
343 979 379 1037 de
405 979 459 1050 iis,
490 995 567 1054 quos
594 976 674 1036 tituli
701 978 902 1056 suppeditant,
929 977 1077 1053 equestris
1102 977 1165 1036 iere
1190 976 1257 1036 luci·
1275 976 1364 1048 uiris,
1394 975 1445 1051 qni

120 1100 227 1141 census
255 1082 406 1158 accepisse
432 1081 569 1139 dicuntur
594 1081 688 1157 partis
716 1080 869 1139 cuiusdam
891 1080 1075 1157 provinciae,
1101 1084 1165 1138 sive
1191 1089 1369 1157 acceperunt
1391 1076 1446 1136 sub

117 1186 217 1262 legato
240 1185 304 1243 eius
326 1184 432 1243 militia
463 1184 566 1259 aliqua
592 1183 723 1258 equestri
748 1176 945 1260 fungentes²)
973 1184 1037 1241 sive
1058 1183 1090 1240 in
1111 1182 1254 1240 comitatu
1275 1180 1365 1257 legati
1387 1179 1447 1237 alio

119 1288 239 1345 nomine
261 1285 466 1361 versantes³).
510 1283 677 1344 Secundum
703 1285 858 1362 probabile
884 1296 930 1344 est
955 1285 1008 1344 illo
1034 1285 1101 1344 looo
1122 1282 1253 1358 Quirinii
1274 1283 1360 1341 iussu
1382 1300 1448 1339 cen·

123 1408 188 1448 sum
218 1389 326 1466 egisse.
367 1386 484 1446 Census
517 1387 698 1465 intellegitur
725 1387 846 1445 omuino
874 1386 1048 1446 notissimus
1074 1386 1127 1445 ille
1155 1387 1238 1445 cuius
1268 1385 1448 1444 mentionem

123 1491 271 1567 Iosephus
298 1489 370 1547 fucit
394 1488 488 1548 1.18ιΙ
514 1508 543 1547 n.
587 1508 595 1545 τ
632 1478 765 1571 Κνρῆνιος
887 1479 932 1545 ἐπὶ
960 1480 1067 1571 Συρίοις
1097 1490 1188 1568 παρῆν
1221 1481 1277 1545 ύπδ
1304 1478 1449 1568 Καίσαρος

122 1586 299 1662 δικαιοδότης
320 1593 371 1648 τοῦ
392 1582 498 1651 ἔθνους
520 1580 732 1658 ἀπιοτιιλμῖνος
752 1580 800 1647 aui
821 1583 936 1660 τιμητὴς
956 1590 1009 1648 τῶν
1031 1587 1132 1647 οὗοιῶν
1153 1579 1351 1665 γενησόμενος,
1376 1588 1447 1645 item

118 1694 236 1767 c.2,1:
259 1694 315 1752 τῶν
335 1682 531 1762 ἇιτοτιμῆστνιν
552 1684 640 1776 ττὲροις
660 1691 802 1770 ἐχουσῶν,
823 1681 853 1749 od
873 1683 999 1771 ἒγὲνοντο
1019 1694 1179 1773 τριακοστῷ
1199 1680 1247 1748 καὶ
1264 1681 1378 1764 {liddae}
1394 1679 1448 1745 ἔτει

119 1791 194 1865 μετὰ
212 1789 361 1854 Ἀντωνίον
383 1793 411 1852 ἐν
431 1786 533 1870 'Antip
554 1782 642 1865 ἧτταν
663 1789 717 1852 u‘rrd
739 1787 896 1876 Καίσαρος,
923 1795 955 1853 id
976 1804 1024 1853 est
1049 1813 1075 1853 a.
1091 1815 1120 1852 u.
1136 1812 1161 1852 c.
1174 1793 1244 1852 759.
1258 1793 1327 1851 760.
1370 1792 1447 1850 Eum

122 1916 242 1956 censum
270 1917 331 1956 non
356 1896 395 1954 ud
422 1899 521 1952 πᾶσαν
541 1891 591 1966 τήν
618 1887 773 1965 οἷκοννὲνην
797 1897 984 1974 pervenisse,
1010 1905 1043 1955 ut
1067 1895 1253 1973 evengelista
1273 1894 1373 1954 Lucas
1389 1893 1448 1966 2,1
1553 1913 1555 1919 ’

123 2020 223 2058 errore
243 2001 382 2075 opinatus
404 2008 459 2070 est,
489 2000 542 2057 sed
569 1999 606 2056 ad
629 1996 747 2076 Syriam
770 2000 955 2074 provinciam
982 1999 1088 2071 solam,
1114 1998 1204 2057 hodie
1230 1999 1338 2075 opinor
1363 2007 1450 2054 extra

123 2101 358 2161 controversiam
385 2101 513 2178 positum
540 2111 596 2172 est,
622 2102 871 2178 confirmaturque
898 2102 996 2160 denuo
1018 2101 1104 2160 titulo
1127 2120 1162 2159 eo
1184 2100 1301 2178 dequo
1323 2099 1449 2176 agimus.

124 2206 261 2281 Apamea
286 2203 362 2262 enim
390 2202 572 2280 intellegitur
594 2203 632 2261 ad
655 2201 799 2262 Orontem
822 2201 928 2279 Syriae
950 2204 1056 2263 civitas
1079 2204 1229 2280 primaria.
1262 2202 1299 2260 In
1320 2221 1357 2260 ea
1377 2201 1450 2259 urbe

124 2308 246 2383 eiusque
268 2305 417 2364 territorio
440 2304 496 2378 (ita
509 2306 589 2363 enim
611 2306 731 2364 omnino
753 2306 856 2364 censio
875 2305 1049 2383 accipienda
1067 2307 1125 2383 est)
1147 2314 1302 2365 numerata
1315 2322 1384 2363 esse
1398 2304 1451 2361 ho·

125 2410 237 2467 minum
265 2408 381 2483 (itaque
409 2427 469 2466 non
498 2408 629 2465 virorum
659 2416 787 2480 tantum,
821 2409 873 2466 sed
902 2408 1058 2467 mulierum
1088 2427 1206 2485 qnoque
1234 2416 1264 2467 et
1292 2424 1450 2484 puerorum

125 2510 365 2589 puellarumque)
388 2510 495 2568 civium
518 2509 649 2585 (scilicet
662 2510 912 2586 Apamenorum),
928 2530 986 2571 non
1002 2511 1224 2586 comprehensis
1239 2510 1330 2588 igitur
1343 2509 1451 2581 servis,

126 2614 208 2672 milia
223 2610 337 2671 CXVII
354 2631 392 2670 err
408 2612 601 2688 inscriptione
616 2611 757 2670 discimus
778 2614 836 2671 hoc
856 2614 976 2672 nomine
997 2615 1096 2683 uuica;
1119 2623 1199 2672 certe
1212 2622 1332 2689 praeter
1345 2628 1452 2670 census

127 2717 234 2773 civium
258 2714 459 2771 Romanorum
485 2731 625 2772 numeros
652 2714 703 2772 vix
730 2714 875 2774 habemus
903 2716 968 2774 eius
994 2717 1113 2793 generis
1141 2715 1217 2774 alios
1240 2725 1335 2774 certos
1358 2722 1387 2772 et
1408 2714 1452 2772 iu-

127 2817 284 2874 dubitutos.
329 2813 468 2873 Ceterum
490 2834 556 2872 cum
578 2834 632 2874 nec
654 2816 690 2875 de
712 2836 834 2875 numero
857 2819 965 2876 civium
988 2819 1256 2877 intramuranorum
1278 2836 1317 2875 err
1339 2816 1454 2875 ruderi·

127 2920 184 2976 bus
205 2936 281 2992 quae
308 2927 469 2993 supersunt
496 2917 666 2975 coniectura
692 2918 757 2976 lieri
778 2915 915 2996 possit⁴)
945 2939 998 2978 nec
1020 2921 1094 2979 satis
1117 2928 1235 2978 constet
1255 2919 1292 2976 de
1312 2917 1455 2977 territorii

127 3020 245 3090 finibus,
266 3018 353 3077 huius
375 3035 481 3077 census
504 3020 690 3079 resuscitatio
711 3038 790 3096 quae
812 3021 910 3080 adhuc
932 3022 1057 3080 obscura
1078 3022 1199 3080 fuerunt
1219 3020 1271 3078 vix
1292 3020 1434 3079 illustrat.

207 3247 230 3309 ¹)
256 3263 315 3298 ann.
330 3249 356 3310 2,
371 3249 396 3298 6.

207 3338 231 3402 ²)
258 3341 335 3391 Cadit
353 3341 381 3391 id
400 3341 427 3390 iu
448 3339 576 3392 tribunum
595 3342 705 3392 militum
724 3342 833 3408 legionis
852 3342 896 3394 III
915 3347 1061 3411 Augustae,
1086 3346 1127 3396 cui
1146 3352 1257 3396 statuam
1276 3352 1374 3411 ponunt
1392 3341 1454 3394 civi·

130 3440 194 3483 tutes
206 3429 352 3482 XXXIIII
368 3449 399 3483 cr
417 3449 492 3500 prou.
507 3433 608 3498 Africo,
628 3449 692 3500 quae
704 3433 749 3484 sub
762 3451 790 3485 co
803 3451 890 3486 ceurae
902 3446 960 3488 runt
977 3439 1038 3501 (vol.
1052 3439 1095 3489 111
1113 3455 1139 3489 n.
1154 3438 1226 3500 388),
1247 3447 1273 3488 et
1285 3439 1311 3488 iu
1324 3438 1455 3487 tribunum

131 3527 238 3590 legionis
252 3526 307 3575 VII
324 3527 455 3590 geminae,
481 3527 525 3590 qui
544 3528 605 3575 item
625 3527 718 3577 missus
736 3534 775 3577 est
799 3535 827 3577 at
844 3544 932 3578 cenem
948 3530 1110 3597 accipiendos
1128 3531 1267 3580 civitatium
1286 3526 1390 3579 XXIII

136 3614 273 3668 Vasconum
292 3624 316 3667 et
332 3613 499 3667 Vardulorum
518 3617 629 3678 (votvl
648 3619 776 3682 n.1463),
796 3628 821 3670 et
839 3621 866 3671 in
884 3623 1041 3685 praefectum
1061 3623 1173 3672 cohortis
1186 3623 1215 3672 II
1232 3625 1367 3683 Asturum,
1392 3635 1457 3686 qnae

132 3717 216 3761 castra
234 3709 324 3759 habuit
341 3711 452 3761 Aesicae
471 3711 497 3759 in
516 3709 653 3761 Britannia
678 3711 804 3774 (volVll
822 3729 847 3777 p.
863 3712 935 3776 132),
962 3716 1106 3767 conatorem
1125 3716 1214 3766 civium
1232 3713 1399 3766 Romanorum
1416 3729 1456 3764 co·

132 3801 216 3852 Ioniae
236 3838 257 3852 ..
280 3798 446 3852 Curnolodunt‘
463 3801 553 3864 (Orell.
568 3803 641 3863 208).
674 3803 715 3855 Cl.
729 3801 888 3855 Stootsrccbt
907 3809 932 3869 2,
946 3808 1010 3858 411.

209 3892 234 3957 ³)
259 3895 299 3945 Eo
315 3896 442 3960 pertinent
460 3908 546 3944 censor
559 3895 672 3944 ciuitatis
681 3895 811 3947 Remorum
815 3896 967 3963 foederatos
986 3899 1099 3966 (Herzog
1112 3901 1180 3953 Gall.
1189 3900 1269 3952 Narb.
1283 3916 1309 3950 n.
1320 3902 1382 3951 510.
1394 3900 1457 3961 511)

133 3989 193 4038 item
213 3987 329 4037 tribunus
348 3985 457 4036 militum
477 3987 586 4051 legionis
599 3988 628 4038 11
646 3989 787 4051 adiutricis,
807 3997 832 4039 et
850 3992 893 4056 qui
912 4007 1008 4041 uentum
1027 3995 1079 4059 epit
1093 3994 1120 4042 iu
1130 3994 1265 4060 provincio
1280 3991 1457 4057 Galliaeque·-

133 4081 219 4140 ταινίαι
238 4078 338 4142 (rollI
350 4079 466 4141 naras)
485 4081 545 4130 item
566 4081 682 4132 tribunus
701 4083 811 4132 militum
831 4083 1154 4148 legionisVAlsudarum.
1179 4086 1213 4135 Hi
1232 4086 1254 4134 si
1273 4085 1348 4135 simul
1362 4092 1458 4133 utrum-

134 4188 182 4237 que
202 4172 316 4221 officium
342 4172 530 4235 sustinuerunt,
555 4174 625 4225 iussu
643 4175 721 4240 legati
745 4176 786 4224 sni
804 4176 998 4240 imperatorisve
1021 4177 1047 4226 in
1071 4178 1149 4227 aliam
1168 4178 1325 4242 provinciam
1345 4176 1460 4241 deputati

134 4272 201 4314 runt.
229 4264 266 4312 At
279 4264 306 4312 id
325 4271 353 4311 ut
371 4269 511 4314 statuamus
531 4282 589 4316 oum
606 4267 673 4317 nihil
688 4275 771 4333 cogat,
791 4269 872 4333 magis
890 4268 1024 4332 probabile
1044 4275 1082 4318 est
1099 4283 1144 4319 eos
1163 4270 1309 4319 civitatibus
1325 4269 1459 4320 censendis

134 4372 239 4422 operam
258 4356 359 4406 dedisse
378 4356 432 4406 rino
451 4358 544 4408 militia
562 4365 632 4408 certe
649 4360 716 4408 inter
734 4361 840 4410 comites
859 4361 984 4426 praesidis
1003 4367 1142 4411 versantes.

210 4447 235 4509 ⁴)
262 4449 395 4513 Apameae
415 4450 509 4500 rudera
527 4452 570 4515 qui
590 4466 672 4517 nuper
690 4452 756 4501 adiit
769 4453 904 4502 Eduardus
918 4453 1020 4505 Sschau
1039 4453 1140 4518 collega
1158 4469 1229 4503 meus
1248 4454 1276 4504 in
1294 4454 1460 4504 universitate

134 4541 296 4592 Berolinensi
316 4555 470 4605 quamquam
490 4543 615 4592 ambitum
633 4543 755 4593 ruderum
774 4545 836 4594 satis
855 4545 955 4595 deliniri
974 4560 1050 4610 posse
1069 4547 1179 4611 negavit,
1199 4547 1279 4596 multo
1297 4547 1382 4596 minus
1400 4547 1461 4596 inde

135 4634 167 4683 de
187 4634 280 4683 civium
299 4648 406 4683 numero
425 4634 598 4684 coniecturam
616 4635 673 4685 lieri
692 4651 775 4701 posse,
796 4637 963 4688 nihilominus
983 4652 1049 4702 quac
1068 4635 1100 4687 de
1119 4638 1253 4688 ruderibus
1272 4653 1370 4689 mecum
1392 4656 1460 4689 com-

136 4726 274 4776 municavit
292 4725 395 4776 lecturis
413 4726 478 4776 haec
496 4742 549 4778 non
567 4729 697 4779 invidebo.
722 4726 778 4779 Der
788 4727 925 4795 Stodhplau
945 4727 1022 4778 hildet
1039 4730 1080 4779 eiu
1096 4728 1176 4781 durch
1189 4728 1282 4781 Mauer
1293 4730 1346 4781 uad
1360 4729 1460 4782 Gradere

135 4816 227 4881 sctuty‘
240 4816 373 4866 ttrorlu'rtea
394 4814 530 4884 Oblonqum
548 4821 593 4868 ruit
610 4818 656 4869 der
673 4818 897 4888 Ldupenrichtunp
916 4839 965 4871 uon
983 4819 1060 4871 Nord
1077 4821 1142 4872 uach
1156 4821 1219 4873 sou.
1247 4821 1298 4873 Die
1316 4821 1402 4873 Breite
1422 4821 1460 4873 he·

136 4911 205 4975 trtipt
222 4911 255 4958 im
269 4907 354 4960 decu
372 4909 424 4958 und
440 4912 468 4960 in
487 4910 531 4961 der
544 4909 617 4962 Mitte
635 4928 714 4979 peperi
732 4910 750 4978 ᾖ
769 4912 814 4962 der
826 4911 925 4979 Lu'ape,
946 4916 979 4963 im
991 4911 1096 4964 Norden
1116 4913 1279 4966 detrdclttlich
1297 4917 1407 4982 weniper
1423 4916 1463 4966 alr

136 5001 178 5051 dic
195 4998 293 5066 Hdlfte.
324 5000 363 5051 Im
381 4999 564 5053 Durchsoduitt
584 5003 652 5054 kann
675 5021 732 5055 maa
756 5004 797 5054 die
816 5003 901 5056 Breite
925 5005 1007 5072 pleiclt
1030 5006 1076 5057 der
1090 5005 1181 5072 Hdlste
1199 5007 1245 5058 der
1261 5005 1351 5074 Lriuqe
1374 5015 1462 5059 astrea.

141 5092 271 5155 Thomtou,
290 5092 336 5144 der
349 5091 580 5147 Wiedcrentdecker
597 5113 647 5148 uon
659 5097 782 5165 Apamea,
801 5096 896 5149 schdtzt
915 5098 956 5149 dte
968 5097 1142 5167 Ldnpeolinie,
1164 5099 1313 5166 dorqestellt
1330 5099 1410 5150 duret
1423 5099 1464 5151 dic

140 5183 336 5238 Ceutrolatrosts
354 5202 410 5239 totu
420 5183 509 5241 Nord-
526 5172 581 5241 tuat
593 5186 713 5252 Stidtltor,
734 5189 784 5256 auf
799 5190 814 5240 1
828 5192 893 5258 eupl.
908 5189 985 5242 Meile
1006 5194 1051 5255 (=
1065 5191 1209 5262 {deutsche
1224 5191 1301 5245 Mate
1321 5191 1382 5244 oder
1400 5200 1464 5244 ctwo

244 5276 292 5339 lv
460 5280 464 5287 ’
559 5348 562 5355 ,
1199 5284 1238 5344 36
