3494 5812
487 561 788 615 oasunvamonns
815 561 1099 614 arreaarmcnn.
1385 540 1455 611 att

133 737 169 793 ad
193 755 327 793 normam
350 736 532 811 legionariae
559 736 706 794 formavit.
745 732 802 794 Sed
818 736 854 793 de
869 735 1012 794 centuriis
1030 735 1288 810 praetorianorum
1304 734 1461 810 quominus

131 848 211 896 certa
238 839 352 896 ratione
380 839 555 910 iudicemus,
582 839 683 896 obstat
709 837 790 913 qnod
817 838 914 895 adhuc
939 839 1102 915 ignoratur,
1129 846 1200 913 quot
1222 836 1409 896 centuriones
1432 836 1462 893 in

130 942 256 1018 singulis
290 941 478 1017 cohortibus,
495 941 613 998 fuerint.
670 942 819 999 Auctores
848 949 877 999 et
904 942 981 999 tituli
994 941 1022 1016 1)
1054 949 1167 1010 tacent3
1211 940 1355 999 latercula
1386 958 1463 1015 quae

128 1052 233 1101 extant
248 1044 374 1101 militum
398 1044 650 1120 praetorianorum
673 1044 729 1101 etsi
751 1044 901 1103 centurias
925 1055 1047 1120 ponunt,
1069 1044 1170 1102 omnia
1190 1044 1233 1102 ita
1255 1043 1360 1101 mutila
1382 1050 1461 1112 sunt,

131 1156 162 1205 ut
176 1147 234 1204 hoc
250 1167 340 1204 unum
356 1167 394 1205 ex
406 1146 557 1204 laterculis
574 1143 609 1203 C.
622 1145 677 1216 VI,
694 1145 774 1203 2375
791 1157 821 1204 et
836 1145 937 1204 23790
959 1147 1102 1205 efficiatur
1122 1147 1153 1203 in
1175 1147 1298 1204 cohorte
1313 1145 1464 1220 praetoria

131 1270 190 1309 uon
214 1251 310 1307 minus
332 1249 462 1323 quinque
485 1250 634 1306 centurias
656 1249 759 1318 fuisse,
782 1249 833 1306 sed
852 1249 878 1306 is
895 1267 1033 1308 numerus
1055 1257 1153 1308 utrum
1173 1248 1279 1324 plenus
1301 1248 1341 1306 sit
1359 1266 1462 1318 necne,

128 1373 234 1429 parum
259 1361 385 1409 constat.
430 1349 534 1426 Neque
562 1370 637 1427 quae
663 1351 773 1409 tradita
801 1371 862 1409 non
889 1352 1031 1411 habemus
1059 1353 1108 1410 hic
1134 1351 1354 1427 comparatione
1381 1357 1464 1409 certa

130 1455 271 1530 supplere
296 1454 379 1524 licet;
412 1472 480 1508 nam
508 1472 546 1509 ex
573 1453 696 1527 reliquis
727 1453 901 1512 cohortibus
926 1454 1072 1524 miliariis,
1099 1474 1176 1532 quae
1199 1454 1283 1512 solae
1305 1461 1374 1529 apte
1395 1472 1462 1512 cum

129 1556 287 1632 praetoriis
310 1565 536 1631 componuntur,
559 1555 741 1631 legionariae
764 1555 878 1631 primae
899 1556 991 1615 denas
1014 1558 1162 1617 centurias
1185 1557 1296 1616 habent
1317 1557 1373 1615 sub
1396 1574 1463 1629 cen.-

127 1659 295 1716 turionibus
329 1658 438 1732 quinis,
472 1657 594 1733 vigilum
628 1667 768 1733 septenas
802 1659 857 1716 suh
892 1660 1033 1736 septenis,
1067 1660 1246 1718 auxiliariae
1279 1659 1372 1718 denas
1406 1658 1462 1716 sub

131 1761 229 1831 denis,
251 1774 283 1818 ut
298 1771 408 1818 certam
424 1760 555 1835 regulam
572 1761 602 1817 in
618 1779 655 1818 ea
669 1779 700 1816 re
717 1761 906 1819 observatam
928 1779 995 1819 esse
1019 1762 1186 1838 negandum
1203 1764 1250 1821 sit.
1287 1759 1366 1821 Sane
1382 1762 1464 1837 quod

130 1864 219 1922 bodie
241 1871 391 1939 receptum
415 1871 462 1920 est
483 1862 512 1918 in
536 1862 664 1940 singulis
688 1864 860 1922 cohortibus
883 1865 1042 1939 praetoriis
1065 1875 1097 1923 ut
1126 1866 1155 1922 in
1179 1865 1346 1923 auxiliariis
1368 1864 1462 1922 milia-

129 1966 182 2024 riis
205 1966 297 2024 denas
320 1967 469 2024 centurias
491 1966 586 2023 fuisse
608 1985 661 2040 per
683 1984 808 2024 severo
831 1967 930 2025 simile
951 1979 1007 2026 est.

213 2068 262 2126 Ad
284 2068 408 2144 gradum
432 2067 635 2142 vocabuloque
656 2069 860 2126 centurionum
883 2070 1141 2146 praetorianorum
1167 2071 1217 2129 ubi
1237 2089 1292 2130 nos
1320 2070 1464 2129 converti·

130 2189 209 2244 mus,
232 2170 318 2248 primi
339 2170 390 2246 pili
412 2171 507 2228 instar
527 2180 574 2228 est
595 2187 709 2229 rernvs
732 2186 817 2230 onno
841 2187 1026 2230 couonmva
1048 2188 1294 2233 rasuromsavrr
1313 2180 1402 2233 notus
1424 2191 1464 2230 ex

131 2274 220 2332 unico
242 2272 328 2330 titulo
351 2273 418 2330 hoc:

174 2377 222 2433 tt.
265 2373 300 2432 L.
324 2373 452 2433 Ovinius
475 2375 510 2434 L.
533 2377 554 2433 f.
578 2375 646 2434 Ter.
670 2375 766 2435 Rufus
789 2356 895 2454 prim.
916 2359 1008 2430 ordo
1028 2357 1236 2431 cohortium
1251 2369 1368 2457 praet.
1389 2355 1463 2430 divi

285 2456 459 2556 Augusti,
497 2483 582 2552 prim.
605 2478 657 2552 pn.
680 2478 738 2555 reg.
761 2479 858 2537 xnn
882 2500 973 2557 gem,
1000 2481 1068 2539 trin.
1097 2482 1156 2540 mn.
1180 2482 1293 2540 eonon.
1315 2481 1361 2539 xr
1384 2480 1463 2558 nra,

284 2580 351 2637 trib.
376 2580 437 2637 mil.
460 2582 525 2639 coh.
550 2580 596 2637 111
619 2593 712 2656 praet.
729 2613 767 2622 -
784 2585 901 2644 Venafri,
928 2586 1018 2636 aetatis
1043 2586 1207 2637 Tiberianae.
1243 2587 1265 2636 Ι.
1285 2586 1315 2636 R.
1337 2586 1371 2636 N.
1391 2583 1462 2635 4641

286 2704 319 2724 =
335 2685 440 2734 Henzen
460 2686 562 2734 stlta.

133 2773 192 2836 Sed
227 2782 258 2832 ut
290 2774 360 2832 hinc
391 2783 507 2832 constat
535 2776 673 2852 Augusto
707 2778 871 2853 imperante
904 2778 1017 2854 primae
1050 2778 1180 2836 cohortis
1215 2779 1382 2854 praetoriae
1404 2777 1463 2854 pri·

136 2897 215 2935 mum
239 2878 442 2935 centurionem
465 2898 531 2935 eum
554 2879 615 2936 sere
637 2880 734 2936 locum
758 2880 788 2936 in
812 2881 962 2954 praetorio
984 2882 1126 2952 tenuisse,
1148 2899 1235 2957 quem
1259 2885 1372 2956 primus
1388 2880 1467 2956 pilus

131 2980 163 3038 in
183 2980 301 3054 legione
324 2989 413 3050 tenet,
439 2980 481 3037 ita
502 2981 553 3037 vix
576 2981 733 3055 probabile
749 2991 794 3038 est
815 2980 846 3038 id
868 2981 1008 3057 deinceps
1030 3001 1150 3059 quoque
1172 2983 1346 3040 obtinuisse.
1385 2981 1463 3041 Nam

133 3082 247 3158 primus
270 3081 343 3137 ordo
366 3082 415 3139 ille
438 3083 462 3139 si
487 3083 657 3153 mansisset,
684 3084 736 3140 vix
758 3083 794 3140 de
820 3103 855 3141 eo
883 3093 912 3140 et
938 3091 1076 3142 auctores
1105 3085 1225 3143 silerent
1248 3095 1278 3143 et
1303 3085 1466 3162 praetoria·

132 3203 236 3241 norum
261 3184 338 3241 tituli
369 3184 420 3240 illa
442 3194 537 3242 aetate
567 3186 636 3255 rari,
664 3194 770 3261 postea
799 3185 960 3244 admodum
987 3188 1112 3264 copiosi.
1160 3186 1265 3263 Neque
1292 3186 1465 3245 incredibile

133 3295 256 3364 propter
278 3287 374 3360 ipsam
397 3288 653 3362 praetorianorum
671 3288 797 3345 militum
820 3289 1019 3365 periculosam
1034 3290 1197 3366 potentiam
1219 3298 1327 3367 postea
1347 3289 1465 3348 institu-

134 3398 195 3446 tum
219 3406 294 3459 osse,
322 3390 456 3446 centurio
482 3390 595 3466 primus
618 3391 731 3466 primae
755 3390 884 3449 cohortis
906 3410 943 3449 ne
964 3413 1036 3469 prae
1058 3393 1165 3451 ceteris
1187 3392 1292 3468 primis
1313 3393 1465 3452 emineret.

132 3490 320 3566 Intellegitur
343 3501 440 3549 autem
463 3512 501 3549 ex
524 3493 628 3550 eodem
649 3492 737 3549 titulo
760 3493 888 3567 primum
912 3493 1046 3553 ordinem
1073 3495 1158 3553 illurn
1184 3495 1249 3552 iure
1280 3494 1376 3571 primo
1402 3493 1464 3569 pilo

132 3593 261 3669 legionis
284 3594 488 3669 posthabitum
511 3613 579 3652 esse
601 3605 630 3652 et
651 3594 704 3652 illo
727 3594 859 3652 functum
881 3595 920 3653 ad
941 3597 1019 3655 hunc
1040 3598 1209 3674 promoveri
1231 3598 1374 3673 potuisse.

215 3696 264 3753 Ex
297 3689 521 3755 centurionibus
548 3697 745 3774 praetorianis
773 3698 842 3756 item
868 3698 925 3756 luit
945 3715 1097 3758 Pntncsrs
1121 3715 1325 3770 casruonvbt,
1347 3700 1398 3775 qui
1420 3699 1465 3756 in-

132 3799 231 3857 notuit
252 3818 292 3857 ex
314 3799 409 3856 titulis
432 3799 480 3858 his
502 3800 582 3859 tertii
605 3800 717 3858 saeculi
740 3801 892 3859 omnibus:

178 3902 224 3959 75.
270 3901 309 3959 M.
326 3901 436 3959 Tillius
457 3902 498 3959 M.
520 3902 542 3959 f.
565 3901 635 3960 Ter.
655 3902 753 3960 Rufus
774 3902 792 3958 7
813 3902 869 3978 leg.
889 3903 950 3961 XX
969 3904 1037 3962 val.
1061 3906 1128 3964 vict.
1151 3924 1190 3963 ex
1209 3903 1289 3964 CCC
1311 3904 1377 3962 coh.
1400 3903 1464 3961 1111

284 4023 328 4079 pr.
357 4023 386 4078 p.
416 4023 456 4077 v.,
484 3982 655 4083 princeps
677 3993 848 4075 bastron,
876 4005 893 4062 7
919 4006 983 4064 coh.
1011 4007 1075 4065 XII
1103 4008 1166 4065 urb.
1190 4015 1220 4065 et
1241 4008 1256 4064 1
1277 4008 1352 4084 vig,
1381 4025 1463 4064 evoe.

286 4109 385 4183 Augg.
404 4139 441 4148 »-
457 4110 562 4171 Atinae,
584 4112 644 4159 anni
664 4112 726 4159 208.
764 4112 786 4159 1.
800 4111 831 4160 R.
845 4111 879 4161 N.
900 4111 1106 4162 4551=0re1t
1127 4113 1207 4163 3457.

177 4208 225 4267 76.
270 4205 439 4266 valeret..
461 4253 468 4265 .
490 4217 520 4266 et
543 4207 720 4268 Dalmatens
742 4189 858 4288 prino.
878 4189 938 4262 kk.
958 4213 1124 4263 —nomae
1144 4215 1170 4263 n
1191 4213 1245 4263 urst
1270 4213 1390 4262 dedicata
1411 4213 1463 4262 for-

285 4321 352 4362 tasse
372 4313 478 4363 Carino.
511 4313 540 4362 C.
561 4314 687 4374 v1,216.

174 4402 222 4459 77.
265 4402 282 4459 7
298 4403 409 4461 Iuliani
428 4410 483 4482 ΡΥ·
500 4404 530 4460 in
549 4405 614 4461 coh.
631 4403 661 4460 Il
676 4405 827 4482 praetoria
846 4410 992 4458 nominatur
1012 4409 1038 4458 in
1057 4423 1163 4458 recensu
1182 4409 1412 4473 praetorianorum.
1429 4430 1462 4441 -

284 4508 397 4570 Romae;
418 4523 440 4557 a.
464 4511 524 4558 227.
559 4508 588 4558 C.
611 4510 658 4568 VI,
674 4511 754 4560 2799.

174 4597 222 4655 78.
269 4597 311 4672 [7]
333 4598 428 4657 Primi
450 4604 506 4677 pl'.
526 4599 556 4657 in
585 4600 706 4658 cohorte
735 4600 836 4676 aliqua
857 4604 1005 4653 nominatur
1024 4603 1049 4651 in
1071 4617 1175 4652 recensu
1195 4603 1303 4653 sonasse
1323 4604 1463 4667 praetoria-

285 4719 385 4752 norum.
400 4732 433 4739 —
448 4704 554 4754 Romae.
588 4704 617 4754 C.
637 4706 683 4765 VI,
699 4706 779 4754 2415,

128 4792 207 4851 Eum
235 4793 396 4869 aliquando
426 4792 475 4868 (C.
493 4794 541 4852 ΙΙΙ
557 4794 594 4852 ad
611 4795 728 4871 asso)
754 4795 866 4854 credidi
894 4815 953 4855 non
980 4796 1099 4854 differre
1126 4816 1145 4853 a
1166 4796 1299 4873 principe
1321 4797 1463 4872 praetorii

209 5065 231 5127 ¹)
251 5067 404 5131 Marquardt
417 5065 662 5134 Stabiu-eraaltunp
677 5072 701 5131 2,
717 5070 779 5119 462.
817 5071 929 5134 Langius
948 5069 1008 5118 hist.
1024 5075 1086 5118 mut.
1105 5070 1143 5118 rei
1163 5071 1215 5118 mil.
1234 5085 1259 5133 p.
1275 5071 1308 5120 61
1329 5072 1463 5135 septimam

130 5160 273 5208 centuriam
293 5160 406 5222 cohortis
427 5162 571 5225 praetoriae
596 5163 631 5210 ait
655 5163 760 5226 reperiri
785 5162 812 5210 in
838 5163 912 5210 titulo
931 5163 1056 5212 Patavina
1078 5162 1107 5211 C.
1119 5163 1152 5222 V,
1167 5162 1252 5223 28323
1277 5162 1322 5211 sed
1348 5163 1382 5211 ibi
1409 5164 1462 5212 iam

127 5253 259 5301 restitutus
279 5259 317 5302 est
336 5268 402 5320 spec.
423 5269 476 5304 eor.
491 5270 566 5320 prus.
586 5253 686 5305 sublata
706 5254 901 5305 liberatione
920 5270 972 5322 sep.

212 5341 255 5401 IV
1222 5345 1258 5403 16
