3474 5812
207 458 281 530 264
732 475 1006 528 Anninumnnnn
1419 472 1537 525 tur-raa

207 651 277 712 ⁷³7
298 653 496 730 fragmentum
518 651 639 710 tabulae
660 670 855 710 marmoreae.
887 652 924 711 In
942 669 1016 729 agro
1030 650 1151 709 Veruno
1171 646 1314 709 effossum
1334 642 1416 707 'rouo
1434 645 1460 704 il
1470 645 1538 721 sou,-

247 757 375 815 dumento
397 755 443 813 del
465 754 523 814 luto
544 753 731 813 meridionule
753 755 801 813 del
822 764 953 813 conuento
975 754 1018 814 ds'
1035 754 1209 832 cappuccim
1227 768 1356 811 annecto
1376 750 1443 811 ullu
1464 750 1539 813 dnti-

247 858 331 916 silico
352 857 384 914 di
405 856 436 918 S.
453 855 583 916 Loreuzo
598 858 684 932 fuori
705 856 731 915 lo
751 852 845 915 muru'
866 856 966 917 Lnuc.

787 1060 911 1120 AEDI
961 1063 1039 1121 ulum

761 1179 952 1223 lovis-ET·

789 1282 877 1324 ΙΤΕΜ
898 1285 937 1324 ·l
972 1285 1015 1325 stit

760 1383 932 1429 DOLCH
959 1386 1018 1427 rui
1080 1385 1113 1426 aie

704 1492 716 1530 lt
758 1487 925 1530 TRlCLlN
965 1500 987 1529 m
1085 1490 1116 1530 sic

759 1590 909 1633 evanti
970 1603 986 1632 a

785 1692 917 1735 tusto

759 1795 950 1839 cento-m·

761 1897 953 1941 P·ast.lvs·ls

690 2004 716 2043 ru
758 1991 910 2057 nemim

204 2183 371 2262 Descripsi.
415 2182 560 2244 Lanciani
582 2183 652 2242 dull.
675 2184 755 2244 urolt.
779 2200 849 2242 com.
874 2180 952 2242 1877
975 2199 1004 2258 p.
1022 2180 1090 2240 164.

205 2392 276 2454 ’138
297 2395 329 2454 in
349 2394 527 2454 coemeterio
549 2391 681 2454 Callisti.

203 2969 376 3046 Descripsit
397 2969 433 3027 de
448 2969 550 3029 Rossi.

205 3179 275 3240 739
296 3199 351 3239 ara
370 3180 456 3239 rudis
476 3181 507 3239 in
529 3198 633 3240 museo
654 3181 883 3252 Panormitano,
906 3178 979 3238 olim
1001 3177 1072 3238 Neti
1093 3178 1125 3238 in
1147 3196 1253 3238 museo
1277 3179 1402 3239 Astuti.

822 3403 897 3454 aquito

729 3506 741 3563 l
841 3503 873 3564 Ο
969 3507 1004 3566 Μ

686 3623 787 3666 PRO
834 3623 1049 3666 SALst

686 3726 1049 3768 lldP0AVG·N·

686 3829 849 3871 TVRMA
885 3841 892 3855 ·
931 3829 1048 3871 muxl

630 3936 641 3973 5
722 3928 1010 3972 Avast·sltllvs

685 4034 775 4077 CERA
790 4047 797 4060 ·
814 4031 1050 4075 calumniam

684 4135 829 4177 staec-ex
842 4131 1004 4181 PROVlNCl)
1012 4144 1057 4184 a&

203 4247 372 4323 Descripsit
393 4246 569 4306 Mommsen.
1533 4304 1538 4317 ,

245 4347 335 4426 [Cum
358 4350 512 4425 probabile
534 4350 574 4408 sit
595 4357 737 4422 turmam,
760 4348 845 4408 cuius
868 4365 960 4426 eques
981 4349 1059 4408 hunc
1081 4365 1164 4409 aram
1184 4350 1300 4428 posuit,
1321 4350 1423 4415 misso
1441 4352 1536 4435 singu·

202 4452 311 4512 larium
334 4453 481 4531 Augusti,
509 4461 606 4512 turma
632 4459 730 4512 autem
758 4453 848 4511 fuerit
872 4453 1025 4512 hominnm
1047 4450 1177 4511 XXXII
1196 4461 1318 4530 praeter
1339 4440 1537 4525 (locarium.

202 4554 379 4614 crediderim
408 4555 582 4615 matriculas
608 4554 752 4615 turmales
780 4556 872 4614 ternis
898 4555 1016 4634 paginis
1043 4554 1107 4612 sive
1133 4554 1210 4613 ceris
1235 4557 1428 4635 perscriptas
1446 4538 1532 4617 tum·

202 4658 354 4717 hominum
378 4657 520 4717 denorum
545 4658 776 4730 undenorum,
798 4658 933 4735 singulos
954 4665 1056 4717 autem
1078 4657 1199 4716 ordines
1221 4658 1379 4738 principes
1401 4648 1531 4721 masfi-

202 4760 321 4832 buisse,
350 4779 476 4837 quorum
505 4778 581 4820 unus
610 4761 698 4820 fucrit
725 4759 939 4821 candidianus.
986 4759 1024 4818 Id
1051 4759 1130 4837 quod
1159 4758 1279 4820 additur
1304 4760 1390 4823 hunc
1504 4748 1507 4753 ¹

202 4862 335 4922 allectum
365 4881 432 4923 esse
463 4882 496 4921 aa
524 4867 688 4939 procinctu,
721 4874 753 4921 ut
782 4881 891 4922 novum
923 4871 984 4936 est,
1016 4864 1058 4922 ita
1083 4860 1323 4940 componendum
1347 4880 1421 4925 cum

202 4967 335 5042 equitum
357 4966 551 5044 singularium
574 4967 747 5025 adlectorum
769 4986 802 5025 eu
823 4967 874 5026 ala
895 4966 995 5042 aliqua
1017 4965 1065 5042 (ut
1085 4986 1114 5024 n.
1132 4964 1211 5025 3255
1224 4964 1280 5042 al.)
1303 4964 1440 5047 indeque
1455 4965 1498 5027 tul

203 5067 333 5144 gendum
356 5069 434 5129 hunc
455 5077 573 5146 praeter
594 5086 707 5128 morem
728 5069 854 5128 tironem
872 5069 950 5128 inter
965 5068 1079 5144 equites
1095 5067 1264 5146 singulares
1279 5066 1453 5133 mmmm
1464 5080 1502 5133 Ι

204 5168 264 5227 Tn.
279 5170 334 5246 ld]
