3474 5812
348 2000 857 2117 osssuuvnuluuus
895 1997 1367 2114 EPIGRAPHICAB.

782 2292 934 2300 .-.-—--

453 2485 633 2582 XXIX.
690 2483 890 2578 ALPBS
920 2483 1260 2579 POENINAB.

197 2618 340 2778 Vallem
362 2713 527 2772 Poeninam
549 2715 579 2772 in
602 2715 822 2790 provinciarum
845 2712 1032 2771 ordinatione
1051 2713 1177 2789 Augusti
1200 2732 1267 2770 cum
1286 2711 1394 2769 Raetia
1415 2712 1530 2770 contri·

198 2819 298 2878 butam
314 2834 381 2875 esse
396 2816 512 2874 ostendi
529 2817 587 2874 vol.
599 2816 648 2874 111
663 2835 692 2892 p.
707 2817 764 2873 707
782 2816 833 2890 (cl.
848 2815 935 2873 rol.V
947 2814 1068 2893 ρ.757).
1102 2813 1158 2874 cui
1181 2835 1262 2873 meae
1277 2813 1528 2872 demonstrationi

201 2940 266 2980 cum
283 2939 376 2996 nuper
391 2918 605 2976 contradixerit
622 2917 660 2977 G.
677 2918 784 2994 Zippel
800 2919 860 2993 (die
875 2919 1011 2977 rdmiscic
1026 2917 1199 2990 Herrsclast
1212 2921 1242 2973 in
1257 2916 1414 2992 Illyricum.
1435 2916 1529 2973 1877.

200 3043 229 3099 p.
243 3022 327 3097 786),
348 3021 442 3096 Alpes
459 3039 509 3078 eas
524 3031 637 3096 partem
653 3022 747 3079 fuisse
763 3020 933 3096 provinciae
949 3020 1129 3079 Germaniae
1150 3017 1313 3093 superioris
1335 3017 1529 3090 contendens,

200 3145 258 3182 nou
275 3125 329 3182 abs
341 3143 372 3181 re
388 3123 443 3181 erit
458 3131 632 3200 argumenta
645 3124 676 3180 in
692 3123 814 3181 alteram
831 3133 926 3180 utram
943 3131 1055 3199 partem
1072 3123 1190 3199 prolata
1204 3121 1301 3177 denuo
1316 3120 1495 3195 expendere.

283 3227 331 3285 Ex
359 3225 528 3283 auctoribus
558 3226 609 3300 qui
636 3244 712 3284 unus
739 3225 974 3283 considerandus
1004 3234 1051 3282 est
1076 3224 1266 3281 Ptolemaeus
1299 3222 1420 3297 (reliqui
1446 3223 1528 3280 enim

201 3348 277 3405 quae
298 3329 355 3386 buc
376 3327 489 3385 saciant
510 3347 569 3386 non
591 3327 731 3401 afferunt)
754 3326 860 3385 vallem
875 3327 1039 3385 Poeninam
1063 3326 1173 3402 duplici
1196 3325 1313 3383 nomine
1328 3325 1452 3381 Raetiae
1475 3325 1528 3382 ad·

200 3430 318 3488 iudicat.
352 3429 485 3488 Primum
509 3449 574 3486 cum
596 3430 628 3487 in
649 3430 758 3488 finibus
780 3429 1010 3487 determinandis
1033 3428 1239 3502 proficiscatur
1258 3447 1276 3483 a
1296 3434 1394 3484 monte
1415 3426 1529 3497 Adule,

202 3532 279 3608 apud
303 3551 389 3608 quem
413 3533 455 3589 ait
475 3531 605 3589 confinia
628 3550 694 3589 esse
716 3531 856 3607 Belgicae
878 3531 921 3605 (2,
939 3531 966 3600 8,
984 3531 1026 3604 6),
1052 3528 1260 3587 Narbonensis
1285 3528 1326 3603 (2,
1340 3530 1368 3600 8,
1385 3527 1412 3585 6.
1436 3548 1460 3585 c.
1481 3531 1529 3600 10,

205 3637 250 3710 l),
275 3633 400 3691 Raetiae
423 3632 595 3708 (2,12,1),
626 3633 730 3690 Italiae
753 3633 841 3709 (3,1,
861 3631 905 3707 1),
934 3642 1035 3709 aperte
1061 3631 1208 3707 intellegit
1233 3644 1348 3689 montes
1370 3630 1408 3686 ad
1429 3631 1529 3688 lacum

201 3735 403 3807 Lemannum3
434 3753 503 3793 nam
534 3753 570 3792 co
599 3735 665 3791 solo
692 3734 759 3791 loco
787 3733 909 3810 Belgica
935 3733 1062 3808 (scilicet
1087 3732 1218 3791 Helvetii
1245 3753 1263 3790 a
1290 3732 1462 3790 Ptolemaeo
1491 3733 1531 3791 ad

203 3837 352 3913 Belgicam
380 3837 481 3910 relati)
510 3846 540 3893 ct
561 3835 768 3895 Narbonensis
795 3847 825 3895 et
847 3837 936 3893 Italia
963 3837 1163 3894 conterminae
1193 3848 1262 3894 suut
1288 3843 1318 3892 et
1344 3835 1532 3892 contermina

203 3940 273 3997 item
297 3938 385 3996 vallis
407 3939 550 4010 Poenina,
574 3957 664 4013 quam
687 3940 730 3996 sic
752 3958 818 3997 cum
839 3938 947 3996 Raetia
968 3938 1116 3996 contribui
1139 3945 1270 4015 apparet.
1304 3937 1406 3995 Adule
1427 3949 1532 3995 monte

203 4042 293 4117 igitur
315 4041 449 4117 sequitur
464 4041 560 4116 Alpes
583 4042 621 4099 ad
635 4041 772 4099 dextram
787 4039 924 4098 Rhodani
947 4040 1110 4115 superioris
1133 4040 1170 4097 ad
1185 4039 1369 4097 Lemannum
1392 4055 1492 4115 usque
1513 4060 1532 4098 a

204 4143 377 4201 Ptolemaeo
404 4142 629 4218 comprehendi,
657 4142 735 4218 quod
762 4150 860 4200 utrum
887 4151 966 4200 recte
991 4142 1092 4200 fecerit
1119 4161 1156 4199 an
1180 4141 1317 4200 vocabuli
1344 4159 1428 4198 usum
1451 4141 1531 4200 insto

204 4244 293 4302 latius
316 4245 492 4317 extenderit,
515 4245 552 4302 ad
578 4258 682 4303 nostra
703 4263 761 4301 non
784 4246 919 4322 pertinet.
956 4244 1111 4320 Zippelius
1134 4254 1212 4303 certe
1234 4263 1300 4302 cum
1323 4243 1455 4313 miratur,
1478 4245 1532 4320 qui

204 4347 312 4404 lactum
340 4347 393 4416 sit,
424 4347 502 4423 quod
528 4347 721 4404 Ptolemaeus
750 4346 900 4405 Poeninas
927 4347 1022 4423 Alpes
1049 4347 1086 4403 ab
1112 4348 1226 4405 oriente
1249 4346 1367 4404 Adulae
1395 4346 1533 4418 collocet,

203 4469 265 4507 rem
289 4467 391 4523 parum
412 4448 570 4506 intellexit.
588 4483 625 4491 —
642 4448 737 4506 Multo
761 4450 854 4526 magis
878 4456 974 4507 autem
998 4448 1110 4506 erravit
1130 4448 1166 4505 de
1188 4448 1307 4525 oppidis
1329 4447 1408 4524 apud
1432 4448 1534 4508 Ptole-

204 4570 321 4609 maeum
344 4550 381 4607 ad
404 4549 539 4607 Raetiam
562 4550 674 4608 relatio.
721 4549 842 4610 Scilicet
863 4552 1052 4627 geographus
1075 4550 1198 4608 Raetiae
1220 4550 1332 4624 oppida
1353 4569 1533 4610 enumerans

204 4652 248 4729 (2,
267 4651 318 4726 12)
346 4660 415 4728 post
438 4651 496 4710 sita
518 4671 609 4729 prope
632 4653 728 4711 lacum
751 4652 958 4728 Brigantiuum
981 4652 1182 4728 Tangaetium
1204 4662 1234 4708 et
1255 4651 1439 4729 Brigantium
1464 4671 1533 4710 cum

206 4754 249 4812 lta
270 4753 369 4811 finiat:
401 4748 472 4821 uerti
496 4742 525 4810 di
548 4745 657 4815 vedrae
679 4742 780 4814 Οὖικος
798 4745 972 4836 ’Esso'doapov
994 4743 1200 4838 Δρουσόμαγος
1219 4743 1410 4835 Ἐπίδαυρον,
1439 4764 1470 4811 111.
1493 4755 1534 4811 le·

206 4856 285 4932 gitur
306 4855 336 4912 in
360 4855 511 4913 codicibus
538 4857 702 4932 plerisque,
734 4867 765 4914 at
791 4858 951 4915 secundum
980 4858 1123 4933 optimum
1144 4857 1323 4915 Vaticanum
1348 4857 1416 4929 191,
1446 4855 1535 4915 cuius

206 4958 349 5016 lectiones
371 4957 544 5031 liberaliter,
568 4967 599 5017 ut
614 4958 700 5032 solet,
723 4980 837 5018 mecum
860 4960 1087 5018 communicavit
1109 4958 1177 5018 Car.
1194 4959 1329 5029 Mueller,
1352 4959 1407 5016 ita:
1431 4945 1537 5021 Οὕικοσ

205 5049 380 5143 Ἐβᾶδουρον
400 5050 583 5144 Ὀκτὲδουρον
598 5052 817 5145 Δρουσᾶμαγος,
839 5063 918 5139 quod
940 5063 1012 5120 olim
1035 5061 1172 5121 contendi
1195 5062 1249 5120 has
1271 5079 1337 5120 esse
1352 5061 1440 5119 vallis
1456 5060 1537 5120 Poe·

210 5161 297 5219 niuae
324 5161 457 5223 civitates
486 5164 546 5224 iam
574 5174 662 5225 extra
691 5165 814 5223 dubium
840 5177 895 5226 est.
942 5162 1021 5223 Nam
1049 5164 1128 5242 quod
1157 5164 1243 5223 tertio
1269 5165 1335 5222 loco
1365 5164 1537 5224 nominatur
