3474 5812
208 489 280 565 392
808 515 929 565 caven

206 707 235 763 p.
255 685 333 745 1020
355 687 392 747 de
414 689 470 745 hoc
491 706 598 764 genere
621 688 804 764 exposuitl).
841 688 929 747 Dixit
949 688 1027 746 enim
1050 689 1232 766 praefectum
1253 688 1329 760 urbi,
1351 705 1534 765 quamquam

205 790 379 848 cohortibus
406 790 526 848 urbanis
553 790 731 867 praefuerit,
764 800 863 849 tamen
893 791 1013 848 militari
1041 790 1166 867 imperio
1193 790 1328 850 caruisse
1354 808 1451 865 neque
1479 806 1533 848 eos

207 893 331 950 comites
352 892 504 962 habuisse,
532 893 582 967 qni
604 892 741 962 tribunis,
770 892 889 970 legatis,
916 891 1039 968 reliquis
1061 892 1135 950 viris
1157 892 1277 950 militari
1300 892 1425 969 imperio
1447 910 1532 969 prae·

206 993 276 1051 ditis
306 994 438 1053 attributi
464 994 583 1053 fuerint.
628 994 670 1050 At
689 993 764 1052 duos
787 993 896 1053 milites
919 1013 937 1051 a
959 995 1186 1069 quaestiouibus
1207 994 1425 1072 praefectorum
1447 993 1531 1052 urhis

204 1096 408 1154 Mommsenns
429 1097 471 1173 (p.
492 1095 585 1172 1021)
601 1097 666 1172 ipse
684 1096 780 1167 affort,
803 1097 1030 1156 cornicularium
1051 1097 1131 1154 infra
1152 1096 1206 1173 (X,
1222 1095 1276 1173 32)
1298 1097 1458 1174 proferam,
1480 1115 1531 1154 nc·

205 1215 262 1273 quc
279 1198 341 1256 ulla
355 1216 445 1257 causa
465 1207 521 1270 cst,
544 1217 595 1255 cur
614 1198 761 1273 exemplis
783 1198 1039 1257 beneficiariorum
1061 1217 1152 1277 snpra
1172 1198 1331 1277 adscriptis
1352 1198 1529 1257 diffidamus.

204 1297 283 1357 Nam
307 1318 447 1359 numerus
469 1319 580 1370 eorum,
603 1300 739 1374 quamvis
762 1317 874 1376 parvus
897 1300 937 1359 sit
958 1308 987 1358 et
1009 1309 1164 1376 superetur
1184 1319 1306 1360 numero
1328 1300 1529 1359 beneficiario·

204 1421 268 1459 rum
283 1401 500 1478 praefectorum
515 1403 666 1479 praetorio
682 1409 711 1460 et
727 1402 860 1480 vigilum,
882 1411 981 1460 tamen
998 1404 1102 1461 horum
1117 1403 1200 1462 multi
1215 1402 1245 1461 in
1260 1403 1413 1462 laterculis
1427 1403 1529 1480 legun·

205 1514 262 1576 tur,
289 1523 416 1581 qnorum
438 1524 455 1562 e
477 1504 651 1564 cohortibus
674 1505 796 1564 urbanis
818 1524 928 1582 parvae
950 1513 1065 1563 tantum
1086 1506 1231 1581 reliquiae
1253 1514 1381 1565 exstant.
1424 1503 1529 1581 Neque

205 1608 387 1678 miraremur,
410 1608 437 1665 si
459 1625 608 1678 numerus,
630 1625 690 1683 quo
712 1609 742 1664 in
764 1607 820 1665 hoo
841 1625 948 1683 genere
970 1608 1137 1682 praefectus
1153 1608 1217 1665 urbi
1232 1626 1251 1666 a
1264 1607 1423 1684 praefectis
1445 1626 1528 1684 prae·

204 1709 281 1766 torio
303 1719 334 1767 et
355 1709 477 1785 vigilum
500 1709 601 1781 distat,
624 1709 719 1767 maior
733 1719 823 1781 esset,
845 1728 933 1785 qnam
956 1716 1009 1780 est,
1032 1709 1172 1785 quoniam
1195 1710 1271 1768 tituli
1295 1709 1460 1767 cohortium
1481 1727 1528 1766 nr·

203 1812 346 1869 banarum
373 1811 467 1870 multo
499 1812 656 1887 pauciores
686 1829 774 1885 quarn
806 1813 1062 1889 praetorianorum
1093 1820 1122 1870 et
1150 1812 1274 1888 vigilum
1306 1811 1416 1871 servati
1449 1819 1527 1869 sunt.

205 1910 319 1985 Quodsi
338 1912 557 1971 concedendum
579 1930 647 1971 esse
668 1913 786 1972 videtur
807 1915 988 1990 praefectum
1011 1915 1074 1972 urbi
1097 1913 1295 1973 beneficiariis
1311 1932 1369 1972 non
1385 1914 1527 1985 caruisse,

204 2024 301 2072 tamen
325 2015 393 2072 inde
416 2015 452 2072 de
475 2016 595 2074 militari
618 2016 743 2091 irnperio
765 2016 830 2073 eins
851 2015 925 2072 nihil
948 2016 1047 2092 colligi
1070 2024 1179 2092 potest,
1201 2017 1272 2092 quia
1286 2016 1372 2076 etiam
1389 2035 1526 2094 procura·

203 2125 284 2175 tores
306 2117 527 2191 provinciarum
549 2118 595 2176 ius
617 2115 827 2176 beneficiorum
849 2117 1014 2176 dandorum
1037 2118 1210 2177 habuerunt.

287 2217 325 2294 C)
368 2219 465 2276 Maior
487 2227 534 2277 cst
555 2238 697 2277 numerus
718 2219 972 2278 beneficiariorum
995 2222 1213 2297 praefectorum
1237 2222 1370 2297 vigilum.
1406 2220 1448 2279 Et
1468 2221 1526 2298 pri-

203 2339 283 2379 mum
315 2320 433 2396 quidem
465 2321 497 2378 in
524 2341 583 2379 uno
617 2320 703 2378 titulo
737 2321 917 2381 dedicatorio
953 2323 1085 2381 cohortis
1115 2323 1262 2382 secundae
1289 2325 1420 2399 quinque
1444 2342 1526 2399 repe·

202 2423 330 2482 riuntur:

265 2524 335 2584 266.
370 2521 404 2584 Ο.
427 2525 523 2583 Iulius
547 2524 755 2602 Onesiphorus
777 2527 804 2584 b.
829 2546 874 2603 pr.
967 2564 993 2613 p.
1014 2547 1043 2598 c,
1065 2547 1118 2597 210

266 2626 335 2685 267.
370 2625 403 2686 C.
420 2626 559 2685 Valerius
581 2626 717 2685 Iulianus
739 2627 768 2685 b.
790 2647 835 2705 pr.

265 2726 334 2788 268.
371 2727 401 2789 S.
417 2728 560 2787 Valerius
582 2727 711 2787 Karicns
735 2729 764 2787 b.
786 2749 831 2807 pr.
966 2728 1013 2788 VI,
1036 2726 1116 2789 1059,

265 2829 334 2890 269.
368 2829 404 2888 T.
422 2829 584 2908 Septimius
600 2830 806 2890 Felicissimns
826 2832 854 2889 b.
869 2850 913 2908 pr.

265 2932 334 2992 270.
367 2933 408 2991 Μ.
432 2934 526 2992 lulius
547 2933 699 3011 Ingenuus
720 2935 749 2992 b.
772 2953 816 3009 pr.

201 3036 251 3112 qui
279 3053 333 3111 pro
360 3043 423 3093 tota
449 3037 571 3094 cohorte
597 3036 716 3094 titulum
740 3037 951 3095 dedicaverunt
978 3057 1037 3095 una
1062 3058 1128 3097 curu
1155 3048 1267 3114 septem
1295 3039 1526 3112 centurionibus,

201 3138 399 3198 corniculario
422 3138 531 3197 tribuni
554 3146 583 3196 et
604 3149 731 3214 quatuor
753 3139 887 3197 medicis.
909 3170 946 3181 -
968 3138 1083 3198 Deinde
1101 3142 1133 3199 iu
1148 3141 1298 3200 laterculis
1314 3144 1439 3219 vigilum
1454 3144 1526 3201 haec

200 3242 293 3300 habes
316 3241 469 3317 exemplu:

263 3341 333 3400 271.
367 3344 394 3401 b.
411 3364 440 3420 p.
457 3343 557 3402 Blossi
572 3343 671 3414 Felix,
694 3344 845 3409 cohlvig„
861 3346 1107 3398 centuriaVictoris.
1126 3366 1152 3414 p.
1163 3349 1192 3399 C.
1205 3351 1267 3401 205.
1287 3351 1335 3412 VI,
1352 3351 1526 3413 1111111.

263 3444 333 3502 272.
367 3445 396 3503 b.
420 3466 464 3521 pr.
488 3443 523 3503 C.
547 3443 706 3504 Cornelius
726 3443 973 3520 Varronian(us),
1001 3451 1115 3500 centuria
1134 3451 1255 3502 Caeserni
1274 3454 1321 3505 Se·

201 3551 324 3600 nacionis.
355 3553 379 3607 1,
396 3552 420 3598 2.
1374 3554 1526 3619 coh.Vrig.

265 3640 334 3698 273.
368 3641 396 3697 b.
421 3658 463 3714 pr.
488 3636 524 3711 Q.
542 3638 660 3696 Vettius
683 3638 851 3710 Achilleus,
874 3641 963 3690 eudem
984 3644 1104 3692 centuria.
1137 3646 1160 3705 1,
1176 3645 1219 3693 57.

264 3740 333 3798 274.
367 3742 396 3798 b.
419 3761 463 3817 pr.
487 3740 521 3798 P.
545 3739 642 3797 Naevi
665 3740 783 3812 Philon,
806 3744 922 3792 centuria
940 3744 1011 3793 Aelii
1030 3746 1164 3810 Torquati.
1197 3749 1222 3807 2,
1240 3748 1265 3796 4.

264 3842 333 3899 275.
368 3843 395 3899 b.
416 3863 459 3918 pr.
482 3843 522 3900 M.
542 3843 667 3900 Pontius
688 3843 849 3914 Diodorus,
872 3847 987 3895 centuria
999 3846 1068 3910 Ulpii
1082 3847 1214 3897 Rutiliani.
1236 3849 1260 3908 3,
1277 3849 1318 3896 24.

265 3942 334 4002 276.
368 3944 395 4002 b.
418 3963 463 4019 pr.
486 3943 523 4002 T.
547 3944 652 4003 Aelius
674 3943 793 4016 Florus,
815 3946 930 3997 centuria
950 3946 980 3997 C.
1001 3947 1060 3997 Iulii
1079 3947 1146 3999 Rufi.
1176 3950 1201 4009 6,
1218 3951 1241 3999 1.

1372 3702 1514 3762 111111

200 4136 402 4143 —--—-—

290 4262 319 4332 ss)
350 4261 427 4324 [Mihi
447 4279 460 4311 e
480 4264 608 4313 contrario
628 4279 686 4314 mea
704 4265 793 4328 opinio
814 4266 865 4313 iam
883 4265 984 4315 videtur
1002 4272 1071 4315 certa
1090 4280 1152 4315 esse.
1192 4268 1296 4319 Scilicet
1315 4269 1383 4333 qnod
1403 4270 1430 4318 in
1450 4271 1525 4320 titulo

200 4355 381 4405 Beneventano
400 4357 567 4421 perscriptum
588 4363 626 4406 est
642 4354 802 4424 1111111111,
823 4356 849 4406 id
869 4357 1205 4420 11111111111111111.260,
1224 4359 1334 4411 fortasse
1352 4363 1442 4412 tertius
1462 4379 1524 4428 qno-

201 4463 249 4512 que
269 4465 293 4497 n.
308 4445 359 4496 264
379 4448 439 4496 licet
456 4457 603 4513 corruptus;
627 4465 686 4498 nam
706 4450 849 4513 diligenter,
870 4451 982 4500 maxime
1000 4451 1027 4499 in
1048 4451 1152 4500 urbanis
1170 4453 1259 4513 titulis,
1279 4455 1431 4518 compendia
1450 4470 1524 4519 prae·

201 4543 263 4589 toris
283 4548 308 4587 et
325 4541 449 4604 praefecti
468 4541 665 4604 distinguuntur,
689 4541 802 4605 exceptis
821 4543 917 4591 scilicct
936 4544 1044 4592 militum
1064 4543 1200 4604 laterculis,
1225 4547 1267 4610 qui
1286 4547 1338 4595 alin
1357 4548 1413 4610 lege
1432 4561 1523 4610 regun-

200 4640 250 4682 tur.
289 4631 365 4693 Quod
384 4634 410 4680 in
430 4648 481 4681 uno
501 4647 590 4682 corum
609 4642 647 4682 ter
667 4635 791 4697 reperitur
810 4631 832 4681 h.
844 4651 886 4701 pr.
900 4652 938 4684 ar.
959 4652 1015 4685 cum
1032 4651 1078 4700 por
1090 4652 1117 4685 se
1130 4645 1155 4685 et
1174 4638 1206 4686 de
1222 4639 1349 4701 praefecto
1369 4639 1426 4687 urbi
1446 4646 1472 4687 et
1492 4640 1524 4686 de

200 4730 317 4789 praetore
333 4724 431 4774 urbano
445 4726 525 4789 accipi
539 4727 627 4790 possit,
649 4726 676 4773 hi
689 4726 844 4776 beneficiarii
858 4727 891 4775 ad
904 4729 1016 4793 reliquos
1033 4736 1083 4779 tres
1101 4730 1318 4794 interpretationis
1337 4738 1422 4780 certae
1441 4732 1525 4796 expli-

200 4817 275 4866 candi
290 4824 355 4866 sunt.
388 4818 444 4865 lam
463 4818 541 4880 igitur
560 4819 647 4882 negari
667 4834 718 4868 non
738 4826 821 4883 potest
840 4819 1017 4870 beneficiarios
1035 4822 1157 4885 praefecti
1171 4823 1226 4872 urbi
1241 4823 1324 4872 nullos
1337 4824 1424 4883 fuisse,
1443 4824 1523 4873 fnisse

200 4909 377 4958 beneficiarios
397 4910 521 4972 praetoris
541 4910 632 4959 urbani
651 4918 765 4975 sumptos
784 4927 816 4960 ex
836 4911 983 4962 cohortibus
1003 4912 1115 4963 urbanis.
1146 4916 1242 4963 Eorum
1256 4914 1403 4964 officialium
1418 4917 1484 4965 ratio
1498 4925 1523 4966 et

200 5017 260 5050 usus
279 5014 432 5065 quamquam
452 5017 504 5050 non
523 5003 684 5066 perspicitur,
705 5004 761 5066 ipsa
779 5018 820 5052 res
839 5020 890 5053 non
910 5006 990 5070 magis
1010 5005 1117 5055 offendit
1130 5022 1205 5071 quam
1219 5007 1352 5056 offendunt
1365 5007 1523 5058 beneficiarii

199 5101 393 5156 procuratorum
411 5095 521 5158 Augusti
541 5094 587 5143 sub
607 5095 723 5158 praeside
743 5097 945 5159 constitutorum,
966 5099 1009 5162 qni
1029 5098 1060 5147 ab
1079 5099 1186 5162 imperio
1206 5100 1309 5150 militari
1330 5103 1426 5163 puriter
1444 5100 1522 5150 alieni

200 5194 273 5234 erant
291 5193 366 5249 atque
386 5188 411 5235 in
432 5186 494 5236 urbe
513 5194 616 5250 praetor
633 5186 752 5237 urbanus.
785 5187 835 5238 Th.
855 5187 904 5250 Μ.]
