3474 5812
534 477 701 529 HUELSEN
719 478 840 528 SVPPL.
860 479 911 528 AD
928 479 1057 533 ADDI'l'.
1078 479 1160 530 vol..
1170 481 1222 530 VI.
1467 460 1541 532 483

219 653 361 711 manserit
379 653 543 710 litterarum
559 652 651 709 ferme
667 660 826 723 ternarum,
848 653 925 710 idem
941 671 959 708 a
975 654 1097 711 sinistra
1118 653 1253 712 relictum
1274 655 1369 713 fuisse
1391 654 1543 730 probabile

219 756 344 814 videtur.
388 754 505 812 Ternas
531 755 621 830 igitur
647 755 807 832 magistros
828 774 943 813 annuos
967 754 1086 813 sodales
1109 756 1137 812 hi
1160 756 1336 815 habuerunt.
1379 756 1543 815 Numerum

217 857 361 916 sodalium
386 877 445 915 non
465 876 604 934 magnum
627 857 718 914 fuisse
740 856 808 914 iude
830 857 988 933 colligitur,
1012 858 1101 934 quod,
1124 876 1190 915 cum
1205 858 1369 917 iterationis
1392 868 1464 917 nota
1484 859 1542 916 fre·

216 936 410 1035 quentissime
439 960 530 1029 adsit,
566 977 656 1036 saepe
683 959 795 1017 eisdem
825 959 993 1017 hominibus
1019 959 1126 1017 iterata
1153 960 1215 1018 vice
1246 961 1417 1036 magisteria
1443 961 1541 1020 delata

212 1080 283 1120 esse
305 1070 394 1138 patet.
439 1060 564 1120 Sodales
591 1070 689 1119 autem
711 1059 776 1118 loco
799 1080 858 1118 non
880 1061 986 1118 humili
1008 1071 1094 1119 natos
1115 1080 1181 1120 esse
1204 1062 1366 1122 verisimile
1388 1073 1447 1134 est,
1474 1082 1541 1120 cum

217 1185 253 1221 ne
275 1185 363 1222 unum
386 1164 502 1239 quidem
526 1164 695 1221 libertinum
718 1181 880 1238 cognomen
905 1172 1049 1221 occurrat.
1086 1163 1218 1222 Nomina
1239 1165 1305 1242 ipsa
1325 1166 1414 1224 nimis
1436 1165 1542 1224 mutila

217 1277 295 1336 sunt,
317 1285 403 1340 quam
425 1276 457 1323 ut
478 1267 515 1322 ad
538 1267 619 1323 viros
642 1265 760 1322 aliunde
782 1276 870 1322 notos
893 1285 928 1322 ea
950 1266 1061 1322 referre
1083 1266 1257 1336 audeamus;
1279 1287 1316 1324 ne
1340 1268 1436 1326 Umbri
1451 1265 1493 1340 (v.
1507 1267 1539 1342 3)

215 1369 333 1443 quidem
350 1379 378 1423 et
393 1367 511 1442 [Klosti
526 1369 567 1441 (r.
584 1368 616 1442 t)
633 1386 805 1444 cognomen,
828 1386 953 1442 quorum
970 1367 1094 1425 alterum
1111 1367 1237 1442 primum
1253 1369 1283 1426 ni
1298 1368 1388 1427 fallor
1402 1370 1458 1428 hoc
1472 1369 1539 1428 loco

216 1472 336 1530 emersit
358 1502 397 1511 —-
420 1488 487 1527 nam
511 1470 614 1545 figlina
627 1470 663 1541 V,
677 1471 767 1540 8115,
780 1472 813 1521 62
836 1470 965 1527 incertae
984 1469 1119 1528 lectionis
1135 1470 1172 1526 ud
1187 1479 1318 1528 nostram
1339 1492 1400 1530 rem
1420 1472 1539 1529 omnino

212 1594 271 1631 non
294 1573 364 1629 lacit
387 1604 435 1641 -,
459 1573 584 1629 alterum
607 1580 637 1629 ct
658 1572 758 1646 ipsum
780 1591 841 1629 non
863 1589 953 1646 saepe
975 1572 1110 1645 occurrit,
1134 1573 1208 1631 satis
1231 1582 1341 1630 certam
1363 1574 1537 1650 interpreta-

215 1677 321 1732 tionem
343 1673 510 1730 admittunt.
544 1673 578 1731 V.
596 1675 615 1730 4
631 1674 692 1732 et8
715 1681 815 1748 potest
836 1673 928 1731 fuisse
951 1672 1107 1748 [SevJerua
1130 1675 1210 1750 quod
1231 1693 1338 1734 nomen
1360 1694 1425 1734 eum
1449 1694 1538 1753 saepe

212 1779 353 1835 usitatum
377 1776 425 1845 sit,
447 1777 557 1833 certius
580 1775 692 1851 aliquid
714 1775 783 1833 inde
804 1775 921 1832 efficere
943 1793 1003 1833 nou
1024 1793 1194 1849 possumus.

295 1880 358 1936 Iam
387 1878 521 1935 conferre
547 1878 661 1936 iuvabit
688 1877 792 1935 titulos
819 1877 878 1935 vol.
895 1875 939 1934 Vl
961 1897 988 1934 n.
1013 1878 1101 1937 1985.
1124 1877 1322 1951 19861987,
1350 1879 1456 1954 quibus
1478 1899 1537 1936 trra-

210 1986 330 2057 9isterz'o
352 2000 449 2038 ennea
471 1981 614 2037 sodalium
636 1980 838 2055 Auqestaliam
860 1980 1054 2038 Claudialiurn
1076 1981 1220 2038 contineri
1241 1981 1320 2038 tertii
1342 1982 1536 2057 praescriptio

211 2084 349 2142 ostendit.
377 2081 578 2141 Constitutum
595 2082 685 2157 igitur
699 2091 747 2139 est
761 2081 917 2157 collegium
933 2082 1144 2157 Augustalium
1159 2090 1187 2139 et
1201 2083 1299 2159 ipsum
1315 2103 1341 2140 a.
1354 2104 1383 2160 p.
1396 2081 1465 2142 Chr.
1483 2085 1535 2155 143

211 2187 370 2261 magistros
393 2185 456 2242 eius
478 2185 573 2242 fuisse
596 2201 717 2241 numero
737 2192 796 2241 tres
812 2193 917 2242 eontra
931 2183 1130 2261 Borghesium
1151 2194 1230 2240 recte
1253 2187 1357 2243 statuit
1378 2185 1537 2245 Mommse-

210 2306 266 2345 nus
291 2287 340 2360 (cf.
358 2285 492 2343 Henzeni
515 2296 575 2343 not.
595 2283 762 2342 advotv1
783 2303 810 2341 n.
831 2285 922 2356 19873
946 2285 1066 2344 Dessau
1080 2285 1167 2344 huius
1182 2286 1247 2361 eph.
1265 2287 1323 2344 vol.
1340 2287 1387 2345 Ill
1402 2306 1430 2362 p.
1448 2288 1535 2362 209);

208 2400 401 2448 recensentur
422 2389 452 2444 in
475 2388 560 2446 fastis
582 2387 646 2445 eius
669 2387 810 2459 sumita,
840 2399 871 2446 ut
892 2390 990 2463 priore
1013 2388 1079 2446 loco
1101 2387 1256 2445 consulum
1280 2390 1410 2460 nomina,
1438 2398 1535 2466 poste-

208 2495 285 2549 riore
307 2491 374 2548 anni
397 2508 536 2548 numerus
558 2486 741 2567 ponatur¹);
763 2508 815 2546 eos
838 2491 928 2566 igitur
950 2490 986 2546 de
1008 2489 1114 2565 quibus
1143 2491 1258 2566 agimus
1284 2490 1379 2548 fastos
1401 2501 1431 2549 et
1452 2493 1535 2565 ipsos

209 2594 363 2652 exordium
394 2612 500 2668 capere
527 2593 564 2649 ab
592 2611 617 2648 a.
643 2592 693 2661 14,
729 2592 1050 2668 praescriptionemque
1079 2611 1147 2650 ann.
1177 2591 1322 2649 CXXIII
1349 2592 1533 2651 referendum

208 2714 275 2754 esse
297 2697 335 2752 ad
356 2696 543 2752 consulatum
565 2692 635 2750 Veri
659 2703 687 2750 et
708 2692 885 2768 Pompeiani
907 2695 964 2750 iam
987 2705 1120 2770 apparet.
1163 2693 1304 2751 Paucitas
1326 2704 1424 2753 autem
1447 2694 1533 2752 soda-

206 2801 277 2857 lium
300 2797 511 2873 Augustalium
537 2804 566 2854 et
592 2795 710 2853 aliunde
736 2806 806 2853 nota
827 2804 874 2853 est
895 2828 933 2837 -
957 2795 1074 2853 luerunt
1095 2815 1122 2852 a.
1146 2795 1315 2853 135-137
1342 2815 1463 2854 numero
1489 2796 1533 2854 vi-

206 2901 279 2979 ginti
302 2906 416 2976 septem
443 2931 480 2939 —
510 2905 540 2954 et
565 2897 675 2971 optime
702 2897 842 2955 convenit
870 2916 935 2954 eum
961 2897 1005 2955 eis
1029 2916 1105 2973 quae
1126 2897 1214 2955 modo
1237 2896 1273 2954 de
1294 2898 1450 2956 iteratione
1472 2918 1533 2956 ma-

206 3004 395 3081 gisteriorum
418 2999 657 3068 observavimus3
680 2999 850 3075 quidquod
873 3003 903 3056 in
925 2999 1091 3075 fragmento
1114 3020 1142 3057 u.
1162 2999 1239 3057 1987
1257 3017 1316 3056 non
1331 3000 1428 3057 solum
1444 3001 1531 3058 itera-

206 3114 267 3164 tum
291 3105 342 3163 sed
365 3105 454 3160 etiam
477 3102 603 3176 primum
626 3109 795 3177 susceptum
818 3102 1018 3177 magisterium
1041 3101 1223 3176 significatur
1245 3101 1324 3158 notis
1342 3116 1360 3157 ιι
1376 3111 1406 3157 et
1420 3117 1438 3173 t,
1461 3120 1531 3176 qua-

205 3228 271 3265 rum
294 3208 369 3264 hane
391 3204 544 3262 rarissime
567 3211 718 3279 praeterea
731 3204 762 3261 in
777 3202 921 3261 eiusmodi
943 3203 1028 3261 fastis
1052 3235 1089 3244 -
1114 3203 1196 3261 velut
1210 3202 1305 3260 titulis
1320 3203 1531 3278 magistrorum

202 3311 328 3369 fontium
355 3343 392 3351 —
420 3315 593 3384 usurpatam
620 3306 762 3362 iuvenies.
805 3304 942 3379 Denique
968 3304 1087 3362 sodales
1109 3305 1291 3382 Augustales
1313 3304 1407 3363 lectos
1429 3323 1494 3364 esse
1517 3327 1530 3365 e

200 3413 374 3489 primoribus
397 3414 519 3470 civitatis
541 3418 641 3465 uotum
665 3418 711 3465 est
733 3406 820 3483 (Tae.
844 3425 911 3465 ann.
937 3409 963 3479 i,
986 3407 1049 3482 54).
1098 3406 1183 3480 Quae
1209 3424 1274 3464 cum
1297 3407 1339 3464 ita
1360 3408 1429 3478 sint,
1451 3407 1528 3486 frag-

203 3525 334 3573 mentum
366 3513 422 3571 hoe
453 3511 616 3569 addendum
650 3517 696 3565 est
728 3508 766 3566 ud
795 3508 890 3567 fastos
918 3509 1064 3567 sodalium
1091 3508 1300 3585 Augustalium
1326 3505 1528 3569 Claudialium

203 3618 275 3692 (vol.
290 3616 333 3673 VI
357 3636 385 3692 p.
402 3614 488 3689 446).

287 3719 424 3794 Denique
451 3716 529 3792 quod
556 3715 613 3771 hoc
642 3713 840 3789 fragmentum
870 3730 929 3770 non
956 3711 1084 3772 Bovillis
1110 3713 1210 3771 eodem
1243 3731 1303 3788 quo
1335 3722 1434 3772 cetera
1460 3714 1527 3772 loco

202 3823 353 3879 inventum
376 3833 431 3889 est,
454 3819 611 3894 quominus
632 3816 791 3893 iungamus
812 3815 894 3872 nullo
916 3814 1003 3873 modo
1025 3815 1162 3890 impedit:
1185 3835 1221 3872 ea
1238 3822 1284 3873 est
1298 3815 1374 3874 enim
1391 3817 1527 3874 condicio

202 3924 414 4001 parietinarum
436 3940 452 3977 e
475 3921 582 3995 quibus
604 3928 769 3976 extractum
793 3924 852 3988 est,
880 3929 913 3974 ut
939 3935 998 3992 quo
1025 3917 1090 3974 loco
1112 3918 1234 3993 antiqua
1255 3926 1350 3976 aetate
1372 3918 1527 3996 inscriptio

202 4026 369 4102 prostiterit
391 4022 457 4080 inde
484 4022 624 4079 certiores
651 4039 710 4078 uon
737 4020 853 4077 damus.
899 4019 1004 4095 ltaque
1030 4031 1060 4077 et
1087 4020 1163 4077 hanc
1192 4019 1320 4078 tabulam
1348 4028 1378 4079 et
1403 4019 1524 4079 alteram

200 4150 229 4186 n.
249 4127 326 4186 1984
349 4145 387 4184 ex
410 4126 559 4182 destructo
581 4122 691 4180 sacello
713 4120 860 4180 sodalium
882 4121 1094 4197 Augustalium
1108 4121 1272 4181 Bovillensi
1299 4122 1329 4179 in
1352 4123 1452 4180 urbem
1474 4123 1524 4181 de·

199 4231 291 4288 latam
313 4246 381 4286 esse
404 4228 464 4284 veri
485 4244 545 4283 non
566 4223 711 4282 dissimile
734 4223 860 4281 ridetur.

202 4397 403 4405 .-..————-—-

296 4519 318 4581 1)
348 4519 423 4579 Quod
442 4519 468 4566 in
488 4532 518 4564 eo
538 4517 570 4565 de
589 4532 640 4581 quo
659 4517 758 4581 egimus
775 4515 919 4580 fragmento
939 4517 1072 4565 consulum
1091 4517 1196 4566 nomina
1214 4530 1266 4565 nou
1287 4515 1386 4566 duobus
1405 4517 1450 4566 sed
1469 4532 1521 4568 uuo

200 4629 272 4662 versu
292 4612 443 4672 scribuntur,
464 4610 584 4659 convenit
602 4625 660 4658 curn
678 4607 922 4674 praescriptionibus
941 4622 1066 4657 annorum
1082 4610 1114 4657 18
1129 4607 1164 4669 (n.
1181 4606 1260 4670 1985)
1281 4617 1306 4658 et
1325 4606 1358 4659 69
1379 4607 1414 4669 (ιι.
1431 4609 1520 4671 1986),

201 4706 327 4768 discrepat
345 4720 401 4753 cum
422 4701 663 4767 praescriptionibus
682 4715 705 4750 a.
721 4701 781 4751 21³.
796 4701 849 4750 214
869 4699 905 4760 (n.
922 4700 1011 4761 1987).

1194 4871 1251 4934 Cu.
1273 4873 1434 4934 Huuusnu.
