3474 5812
478 493 780 547 cassava'rrorurs
797 495 1087 548 aetuaaaffloaa.
1372 481 1445 551 529

122 593 357 604 u-——u——n

120 685 156 725 eo
178 667 269 739 ducit,
299 677 332 725 ut
351 667 432 745 legio
459 669 606 744 adquam
634 669 762 744 pertinet
783 687 818 726 eo
841 677 973 745 tempore
995 670 1135 748 proxima
1156 678 1255 728 castra
1276 672 1445 746 obtinuerit,

119 788 196 845 qnae
211 779 280 828 sunt
294 769 458 830 Novensia.
491 770 652 829 Probabile
674 771 832 849 igiturest
852 771 1015 848 imperante
1036 772 1093 832 Pio
1115 771 1263 849 legionem
1285 774 1331 833 XI
1353 773 1443 835 Clau·

120 873 198 931 diem
221 873 392 932 constitisse
414 872 526 945 Novis,
554 873 569 930 I
591 873 726 932 Italicam
749 873 925 945 Durostori,
952 874 1058 933 deinde
1080 883 1181 934 castra
1202 876 1244 934 ita
1264 885 1446 937 commutata

119 992 196 1048 esse,
219 985 252 1033 ut
273 976 359 1034 tertio
381 975 500 1034 saeculo
524 976 712 1034 undecimani
732 975 897 1035 Durostori
919 984 1028 1048 essent,
1049 978 1178 1052 primani
1200 965 1324 1036 Novis.

200 1077 315 1154 Legati,
338 1079 393 1137 snb
415 1096 474 1153 quo
497 1098 523 1136 a.
538 1078 596 1137 155
619 1078 773 1154 provincia
794 1078 859 1151 fuit,
882 1078 986 1138 titulus
1000 1078 1178 1138 Tomitanus
1201 1080 1440 1140 velluntur

116 1179 204 1255 plena
231 1181 351 1238 nomina
376 1181 584 1240 subministrat
610 1180 763 1239 dedicatus
789 1181 819 1238 Τ.
835 1180 942 1238 Flauio
962 1179 1093 1256 Loapiao
1120 1182 1153 1253 Q.
1174 1183 1290 1242 Marcio
1309 1184 1441 1242 Turboni.

116 1279 184 1354 Quo
212 1292 345 1360 tempore
370 1285 396 1341 is
424 1284 569 1343 Moesiam
597 1283 738 1353 rexisset,
770 1283 868 1342 adhuc
894 1283 1119 1361 ignorabamus3
1153 1285 1266 1344 vixisse
1292 1305 1360 1345 eum
1386 1287 1442 1346 sub

114 1383 171 1441 Pio
198 1404 263 1442 cum
291 1386 350 1443 iem
378 1395 535 1462 appareat,
563 1385 719 1463 probabile
745 1391 792 1443 est
812 1384 906 1442 tilium
934 1404 1001 1442 eum
1028 1403 1095 1445 esse
1120 1394 1174 1444 aut
1195 1388 1368 1464 adoptivum
1390 1399 1442 1448 aut

112 1486 279 1545 naturalem
302 1486 340 1561 Q.
357 1487 460 1545 Marcii
481 1487 631 1547 Turbonis
654 1487 968 1564 praefectipraetorio
990 1487 1154 1565 imperante
1176 1487 1381 1567 Hadriau01).

197 1587 342 1647 Centurio
364 1589 492 1667 legionis
514 1591 621 1666 aliquis
644 1608 710 1648 cum
727 1608 827 1648 curam
850 1598 920 1666 agat
933 1590 1138 1650 vexillationis
1158 1592 1256 1664 huius,
1280 1593 1305 1650 si
1320 1593 1438 1668 quidem

112 1699 191 1749 recte
213 1691 331 1750 titulum
353 1692 520 1752 rettulimus
546 1693 585 1751 ad
608 1692 765 1751 stationem
787 1699 961 1768 perpetuam
987 1693 1144 1752 militarem
1166 1694 1335 1769 provinciae
1357 1696 1437 1754 Moe-

112 1794 185 1865 siae,
208 1794 403 1872 probabiliter
416 1795 485 1853 inde
508 1795 683 1872 colligemus
704 1794 855 1872 praesidia
876 1813 912 1853 ea
927 1794 970 1853 ita
991 1795 1129 1854 ordinata
1143 1797 1249 1870 tuisse,
1271 1806 1304 1856 ut
1319 1797 1439 1876 singula

111 1897 244 1955 centurio
266 1907 395 1975 regeret,
421 1897 588 1974 habentque
610 1895 687 1955 tituli
709 1896 819 1955 indicia
840 1896 985 1973 quaedam
1007 1915 1085 1973 quac
1106 1898 1251 1958 eiusmodi
1274 1900 1436 1959 ordinatio·

110 2018 177 2058 nem
201 2001 385 2072 confirmant,
408 2007 441 2058 ut
455 1997 627 2059 Cidamensi
650 1998 801 2076 praesidio
822 1998 852 2055 in
876 1998 1076 2075 penetralibus
1093 1999 1215 2059 Africae
1238 2002 1371 2060 centurio
1393 2003 1436 2062 le·

109 2103 207 2178 gionis
230 2104 390 2162 Africanae
412 2102 528 2161 videtur
549 2098 765 2179 praefuisset).
800 2100 841 2158 At
862 2110 959 2159 utrum
987 2102 1030 2160 ita
1051 2102 1226 2179 praefuerit,
1254 2115 1287 2161 ut
1308 2122 1375 2163 cum
1396 2105 1434 2163 iis

109 2205 212 2264 ecdem
227 2207 294 2264 loco
308 2207 494 2277 consisteret,
510 2225 548 2263 an
563 2205 698 2280 pluribus
715 2203 894 2264 stationibus
909 2204 998 2262 simul
1013 2205 1202 2282 praepositus
1217 2223 1317 2264 curam
1333 2225 1434 2265 earum

107 2307 150 2365 ita
172 2310 307 2385 gesserit,
330 2318 362 2367 ut
382 2325 504 2384 praeses
527 2326 627 2365 curam
649 2308 771 2386 gerebat
793 2306 974 2383 provinciae,
996 2307 1060 2365 iure
1080 2306 1210 2366 dubitari
1229 2314 1343 2384 potest,
1366 2328 1433 2368 cum

106 2413 282 2486 praesertim
309 2411 470 2470 laterculus
500 2411 526 2468 is
551 2428 639 2486 quem
666 2409 780 2468 edimus
806 2408 901 2485 magis
927 2410 965 2467 sd
991 2409 1066 2467 hanc
1092 2408 1308 2470 ordinationem
1336 2411 1432 2471 ducat

108 2511 167 2572 Sed
195 2513 333 2573 universa
360 2512 509 2589 quaestio,
537 2511 722 2570 centuriones
752 2519 812 2569 tam
841 2512 966 2588 legionis
993 2529 1081 2587 quem
1109 2514 1274 2571 cohortium
1301 2514 1433 2592 itemque

105 2614 280 2674 decuriones
303 2616 416 2674 alarum
439 2614 588 2691 quomodo
611 2624 697 2672 extra
718 2615 901 2690 praetorium
924 2621 1046 2691 agentes
1069 2614 1125 2673 sub
1146 2616 1314 2675 nominibus
1336 2615 1431 2674 diver·
1479 2599 1483 2606 ⁴

106 2718 163 2788 sis,
197 2719 249 2776 sed
278 2719 381 2777 eodem
407 2717 598 2776 redeuntibus
628 2716 766 2775 omnihus
800 2716 1097 2794 significantibusque
1129 2720 1267 2777 omnibus
1299 2717 1429 2777 officium

105 2818 413 2895 extraordinarium³)
443 2838 544 2878 curam
570 2818 685 2896 egerint
710 2818 931 2877 vexillationum
962 2838 1209 2896 numerorumque
1236 2821 1326 2880 certis
1353 2820 1430 2879 locis

104 2922 341 2994 constitutorum,
364 2940 429 2979 cam
452 2921 596 2998 perhanc
619 2922 805 2979 occasionem
830 2919 963 2997 expediri
985 2939 1045 2979 non
1064 2923 1174 2997 possit,
1197 2923 1317 2980 omniuo
1339 2922 1430 3000 digna

104 3032 158 3096 est,
180 3042 256 3100 quae
278 3023 456 3081 testimoniis
478 3041 554 3099 quae
578 3036 737 3100 supersunt
758 3042 816 3080 non
840 3024 945 3100 paucis
967 3023 1102 3082 collectis
1124 3031 1154 3082 et
1175 3025 1341 3083 coniunctis
1364 3024 1427 3083 dili-

102 3135 205 3202 genter
227 3134 429 3201 pertractetur.

185 3227 397 3287 Beneficierios
422 3228 568 3302 praesidis
595 3228 803 3305 provinciac⁴)
830 3229 910 3305 quod
937 3247 1030 3306 supra
1051 3228 1094 3304 (p.
1110 3228 1186 3305 400)
1208 3229 1360 3288 docuimus
1382 3249 1426 3289 re·

101 3331 171 3389 ferri
193 3331 381 3408 potissimum
408 3330 445 3389 ad
472 3331 616 3388 stationes
641 3331 799 3403 militares,
825 3331 970 3390 laterculo
994 3332 1052 3389 hoc
1077 3330 1194 3408 egregie
1220 3333 1425 3405 confirmatum

100 3452 195 3509 neque
228 3434 305 3492 enim
336 3435 462 3492 obscure
490 3433 601 3491 iudicat
628 3434 841 3510 praesidiarios
869 3452 992 3492 numero
1021 3433 1083 3492 fere
1111 3434 1261 3510 octoginta
1287 3435 1425 3510 paruisse

100 3535 289 3594 beneficiario
318 3535 495 3595 consularia.
541 3535 635 3594 Plane
661 3535 764 3594 eadem
791 3537 908 3594 ratione
934 3535 1126 3611 lmesiciarias
1153 3535 1311 3594 consularis
1340 3536 1424 3613 lapio-

98 3642 144 3695 πίε
159 3638 217 3695 m
228 3638 377 3714 depastae
399 3658 460 3698 cam
481 3641 541 3696 sais
563 3637 682 3695 titulum
705 3637 822 3696 dedicat
844 3648 943 3696 exacta
964 3643 1083 3697 statione
1097 3638 1287 3697 Vazanitana
1309 3639 1341 3698 in
1359 3639 1423 3699 Nu·

98 3740 189 3798 midia
211 3739 243 3815 (l.
256 3760 281 3799 c.
302 3761 330 3799 n.
347 3739 407 3799 424
429 3740 624 3815 similiterque
646 3760 674 3798 n.
690 3739 760 3799 426.
776 3739 861 3816 427).
896 3739 983 3798 Unde
1005 3740 1064 3799 iam
1085 3740 1167 3799 clara
1181 3741 1248 3799 luce
1269 3740 1421 3800 illustran-

98 3850 145 3899 tur
167 3861 238 3900 arae
258 3842 437 3919 quibusdam
458 3842 542 3915 locis,
567 3849 599 3899 ut
620 3841 717 3900 Novis
739 3842 770 3901 in
785 3841 939 3901 Dalmatia
960 3841 1033 3918 (vol.
1045 3842 1094 3900 111
1116 3862 1145 3901 n.
1161 3842 1238 3901 1906
1251 3842 1333 3919 cet),
1357 3841 1419 3904 Sis-

173 4079 196 4140 ¹)
222 4080 347 4130 Videatur
366 4081 398 4130 de
416 4095 447 4129 eo
467 4078 615 4130 Hirschfeld
632 4075 972 4145 Verrcaltaaqspesclsichtsl
991 4095 1016 4144 p.
1031 4079 1093 4129 225.

169 4171 195 4234 ²)
222 4172 430 4223 v01.vl11n.1.
460 4171 579 4222 conferri
598 4179 682 4236 potest
700 4173 761 4222 item
781 4173 870 4221 titulus
882 4171 1023 4222 Rhenanus
1036 4169 1192 4233 (Bramhach
1213 4187 1238 4221 n.
1252 4171 1332 4237 672)ι
1351 4168 1418 4223 Her-

94 4264 146 4314 culi
164 4280 260 4315 sarano
279 4265 409 4315 vacillatio
429 4264 477 4330 lep.
488 4261 635 4331 mlpr,
655 4265 699 4330 qui
710 4271 767 4313 sant
778 4261 823 4313 sab
836 4279 899 4314 cara
918 4260 984 4328 [Fa]
998 4261 1089 4331 Aprili
1108 4260 1142 4328 [s]
1156 4262 1326 4326 (maturioris)
1339 4281 1363 4315 m
1376 4264 1418 4327 (i).

93 4358 196 4409 Similes
216 4359 281 4408 tituli
301 4357 445 4421 complures
464 4358 499 4407 ad
511 4356 629 4406 Rhenum
650 4357 777 4407 eruderati
795 4363 855 4407 sunt
873 4356 984 4408 dedicati
998 4371 1014 4407 s
1028 4355 1218 4407 centurionibus
1231 4356 1340 4421 legionis
1359 4374 1416 4408 cum

93 4450 233 4500 vexillariis
254 4451 308 4500 sire
327 4448 544 4500 commilitonibus
563 4449 624 4498 suis.

168 4541 192 4603 ⁸)
219 4544 372 4608 Plerumque
398 4541 558 4606 appellantur
578 4541 722 4608 praepositi
742 4541 782 4590 vel
809 4547 945 4591 curatores.
978 4540 1078 4593 Similis
1102 4546 1140 4590 est
1163 4540 1282 4606 magister
1307 4541 1416 4592 cohortis

91 4635 218 4685 rails'ariae
236 4633 426 4685 Hemeseacram
444 4633 520 4683 huius
537 4633 595 4698 eph.
612 4635 662 4683 vol.
677 4635 703 4684 11
723 4649 747 4683 n.
762 4633 824 4683 598.
844 4659 877 4668 -
898 4633 1036 4684 Curatores
1056 4648 1102 4683 nec
1121 4639 1260 4683 turmarum
1279 4648 1326 4684 nco
1346 4641 1413 4684 vete-

90 4742 210 4777 ranorum
231 4727 384 4792 (composuit
402 4732 522 4791 utrosque
542 4725 626 4776 Cauer
644 4741 721 4789 supra
739 4741 764 4790 p.
778 4725 840 4776 435.
854 4725 918 4787 436)
938 4726 987 4776 huc
1005 4728 1142 4792 pertinent.

166 4818 190 4881 ⁴)
216 4820 255 4869 Eo
275 4821 403 4884 pertinent
422 4820 465 4884 qui
483 4832 561 4883 supra
574 4834 599 4882 p.
610 4817 663 4868 379
677 4833 731 4882 seq.
751 4817 896 4868 reseruntur
913 4819 1071 4869 beneficiarii
1090 4819 1230 4869 consularis
1249 4834 1337 4870 omnes
1356 4822 1411 4885 opi-

89 4929 152 4975 nor3
182 4926 242 4963 nam
260 4912 373 4977 legatum
392 4910 503 4975 legioni,
526 4926 579 4961 non
599 4911 746 4976 provinciae
767 4911 935 4975 imperantem
959 4925 991 4961 no
1010 4919 1064 4961 tum
1085 4911 1201 4976 quidem,
1226 4926 1282 4961 cum
1302 4926 1349 4976 per
1367 4927 1411 4963 ox-

90 5005 233 5070 ceptionem
250 5011 310 5071 post
328 5004 489 5055 consulatum
508 5018 539 5054 eo
552 5003 651 5054 honore
670 5002 826 5069 iungeretur,
847 5004 987 5054 consularis
1003 5003 1127 5054 vocabulo
1141 5019 1213 5054 nsum
1227 5019 1283 5054 esse
1296 5006 1411 5057 eredide-

87 5097 146 5148 rim.
169 5097 222 5150 Ubi
240 5103 325 5148 autsm
344 5095 445 5147 muneri
462 5095 624 5161 subiungitur
635 5094 713 5161 legio,
732 5103 795 5161 puta
807 5095 925 5146 scribitur
938 5093 1111 5164 beneficiarius
1123 5095 1265 5146 consularis
1277 5096 1416 5164 lepicnisl

88 5186 206 5252 Italicas,
225 5189 281 5243 sins
299 5188 379 5241 dnbio
397 5193 506 5255 stamas
522 5187 655 5255 genetivus
673 5203 690 5239 a
707 5189 865 5239 nominativo
884 5189 987 5253 pendet,
1007 5205 1059 5239 non
1078 5189 1206 5255 posterior
1224 5205 1240 5241 a
1256 5191 1351 5255 priore.
