3474 5812
719 1257 1225 1340 ADDITAMENTORVM

589 1428 659 1502 AD
691 1426 929 1503 CORPORIS
955 1426 1066 1501 VOL.
1080 1427 1143 1501 Vl.
1174 1425 1352 1501 PART.I

770 1584 1177 1660 SVPPLEMENTVM.

310 1905 407 2050 Ad
432 1986 527 2045 fastos
555 1986 703 2045 sodalium
727 1986 939 2062 Augustalium
962 1984 1162 2044 Claudialium
1191 1986 1307 2043 rol.Vl
1334 2006 1363 2062 p.
1384 1984 1443 2043 416
1471 1983 1645 2043 addendum

311 2098 359 2147 est
378 2089 578 2166 fragmentum
605 2088 724 2146 tabulae
751 2107 934 2146 marmoreae
959 2098 1107 2166 repertum
1133 2090 1210 2146 inter
1236 2089 1379 2146 macerias
1407 2096 1521 2145 veteres
1544 2105 1646 2162 prope

312 2189 343 2250 S.
366 2190 510 2249 Iohannis
531 2189 683 2260 Laterani,
710 2190 789 2265 quod
811 2198 895 2247 extat
916 2194 946 2247 in
969 2208 1072 2248 museo
1093 2189 1292 2248 Kircheriano
1314 2190 1503 2266 amplificato.

490 2393 607 2434 ecclesio
628 2393 738 2435 commoda
759 2402 811 2434 aere
831 2403 876 2434 m.
897 2395 993 2434 setam
1014 2394 1068 2433 cinit
1124 2389 1137 2403 “
1168 2393 1301 2435 ΜΡΕΙΑΝο
1322 2404 1358 2433 eas
1454 2416 1525 2454 ..135

1094 2495 1130 2538 »IS
1157 2510 1165 2523 ·
1207 2488 1240 2536 ᾖ

752 2621 754 2627 2
1019 2599 1117 2639 «MBER
1157 2609 1164 2624 ·
1204 2589 1245 2638 ΠΙ

1455 2935 1467 2960 Ι

1157 2691 1295 2740 affl!

513 3419 521 3455 t
542 3444 547 3455 .
569 3414 627 3455 isaie
650 3413 748 3455 censorio
768 3413 833 3464 niqra
854 3424 871 3453 c.
890 3412 1008 3464 pomponio
1031 3410 1049 3451 C
1070 3413 1128 3454 MEP
1155 3414 1190 3451 s'nc
1212 3422 1247 3452 cos
1456 3442 1475 3469 δ’
1488 3435 1526 3474 ,33

315 3583 487 3658 Descripsit
507 3581 631 3640 Henzen
654 3590 683 3639 et
704 3581 797 3640 edidit
817 3581 848 3639 in
870 3581 940 3640 boll.
963 3580 1029 3638 dell’
1050 3583 1115 3640 inat.
1140 3580 1215 3638 1871
1241 3602 1269 3657 p.
1289 3582 1357 3639 150.

357 3684 468 3743 Fastos
495 3684 550 3741 hos
577 3690 711 3759 spectare
740 3682 779 3741 ad
805 3683 962 3760 collegium
991 3682 1112 3759 aliquod
1139 3683 1291 3741 adnotavit
1316 3683 1493 3742 Henzenus:
1524 3682 1647 3740 cuinam

317 3785 496 3844 attribuendi
519 3785 579 3842 sint
600 3785 702 3861 aliqua
727 3804 792 3843 cum
815 3785 1023 3862 probabilitate
1045 3803 1258 3862 cognoscemus
1287 3785 1312 3843 si
1339 3785 1411 3860 quid
1437 3785 1473 3842 de
1500 3785 1649 3844 institut-is

315 3888 378 3947 eiua
403 3907 440 3946 ex
466 3888 631 3963 fragmento
657 3887 713 3944 hoc
741 3887 817 3945 effici
846 3889 943 3964 possit
967 3889 1071 3963 paucis
1099 3887 1353 3963 perpenderimus.
1396 3886 1528 3945 Primum
1551 3887 1649 3962 igitur

315 3991 372 4049 hoc
388 3989 544 4065 collegium
560 3989 752 4047 constitutum
768 4007 834 4047 esse
850 4008 877 4048 a.
892 4009 920 4064 p.
934 3987 1005 4047 Chr.
1022 3991 1059 4046 14
1074 4000 1125 4047 aut
1143 3991 1178 4047 15
1202 3989 1270 4046 inde
1292 3988 1428 4059 efficitur,
1450 3989 1529 4066 quod
1549 4009 1649 4046 armus

314 4113 344 4170 p.
357 4090 429 4151 Chr.
444 4092 499 4150 137
517 4090 633 4165 collegii
649 4090 706 4148 fuit
721 4092 900 4149 centesimus
919 4091 1164 4167 quadragesimus
1185 4091 1289 4149 tertius
1305 4100 1356 4148 aut
1371 4100 1510 4165 quartus3
1534 4092 1571 4147 ad
1593 4111 1648 4148 an-

316 4212 372 4253 nos
388 4194 475 4265 enim,
491 4213 549 4252 non
565 4193 603 4251 ad
618 4194 713 4252 lustra
727 4192 898 4250 referendos
914 4210 980 4250 esse
993 4211 1133 4251 numeros
1149 4213 1176 4249 v.
1190 4193 1217 4250 5.
1234 4192 1270 4249 10
1287 4192 1472 4250 manifestum
1487 4202 1542 4261 est,
1560 4211 1651 4267 prae-

317 4296 440 4372 scriptio
463 4306 560 4354 autenr
583 4303 678 4352 utrum
702 4313 768 4352 cum
792 4295 986 4369 praecedente
1009 4314 1046 4351 an
1068 4313 1133 4353 cum
1157 4304 1299 4370 sequente
1321 4294 1477 4352 consulatu
1499 4293 1652 4369 iungenda

317 4397 366 4468 sit,
388 4397 488 4455 statim
510 4397 687 4455 videbimus.
710 4429 750 4438 —
772 4396 821 4453 Ad
837 4416 990 4455 numerum
1013 4389 1220 4472 magistrorum
1243 4397 1321 4472 quod
1344 4397 1459 4466 attinet,
1483 4397 1578 4470 primo
1594 4396 1650 4452 ob·

318 4508 382 4557 tutu
406 4499 525 4558 dubium
549 4497 642 4556 videri
664 4500 770 4574 possit,
798 4508 895 4556 utrum
924 4509 984 4557 tres
1011 4500 1113 4574 scripti
1140 4499 1250 4556 fuerint
1276 4518 1312 4554 an
1342 4517 1410 4570 sex,
1438 4500 1479 4555 ita
1509 4507 1541 4553 ut
1568 4498 1651 4555 binis

317 4601 435 4678 paginis
456 4601 531 4659 terni
554 4608 791 4659 recenserentur:
820 4610 849 4658 et
878 4620 949 4660 sane
975 4621 1034 4659 non
1061 4619 1155 4676 pauca
1181 4600 1284 4658 deesse
1312 4619 1330 4655 a
1356 4608 1440 4675 parte
1466 4600 1553 4656 laeua
1578 4598 1652 4657 inde

317 4702 457 4771 efficitur,
488 4701 568 4777 quod
593 4703 713 4760 nomina
739 4703 892 4761 consulum
920 4703 1006 4779 plene
1031 4702 1198 4778 perscripta
1224 4701 1317 4759 fuisse
1340 4701 1486 4758 videntur.
1530 4700 1650 4759 Tamen

317 4804 485 4863 accuratius
509 4803 667 4879 inquirenti
695 4813 819 4882 apparet
845 4806 959 4863 duabus
985 4806 1103 4881 paginis
1130 4804 1275 4880 ponendis
1299 4803 1429 4878 spatium
1452 4804 1534 4860 nullo
1557 4804 1651 4861 ruodo

318 4905 463 4965 sulficere.
514 4903 620 4980 Neque
648 4907 725 4963 eninr
757 4907 853 4964 solum
886 4906 1005 4963 nomina
1031 4907 1241 4983 magistrorum
1270 4905 1379 4963 litteris
1412 4909 1523 4962 maiore
1549 4906 1652 4981 spatio

318 5008 498 5067 distant-ibus
526 5007 636 5084 scripta
663 5018 731 5065 sunt
756 5026 844 5083 quam
872 5009 1041 5077 consulum,
1070 5008 1112 5065 ita
1139 5019 1171 5064 ut
1198 5008 1305 5083 quinae
1332 5008 1393 5065 sere
1420 5008 1535 5063 litterae
1561 5025 1607 5062 vv.
1631 5008 1651 5062 3

318 5119 348 5168 ct
368 5110 383 5167 i
407 5119 536 5186 aequant
557 5118 696 5185 septenas
717 5128 764 5166 vv.
789 5110 802 5166 l
825 5119 854 5168 et
873 5111 901 5182 6,
924 5109 1087 5168 sedetiam
1111 5130 1177 5167 curn
1204 5129 1222 5166 a
1244 5110 1349 5167 dextra
1371 5108 1498 5183 spatium
1523 5125 1653 5166 vacuum
