3474 5812
351 485 423 557 399
879 501 1155 554 annr'mrranra
1633 502 1685 556 saa

351 609 540 618 ——--

351 689 422 756 post
443 679 607 737 aediculam
636 678 803 736 dedicatam
830 684 860 734 et
886 678 1007 736 nomina
1033 677 1225 735 dimissorum
1253 676 1350 735 incisa
1375 677 1482 734 iterum
1509 686 1539 735 et
1564 679 1687 753 saepius

351 782 455 841 addita
476 800 544 840 esse
566 781 596 838 in
620 781 688 838 aliis
710 779 820 839 tabulis
843 780 964 838 nomina
981 779 1215 838 commilitonum
1239 787 1346 855 postea
1368 779 1569 838 dimissorum.
1607 778 1689 840 Sane

352 884 410 942 boc
431 904 469 942 ex
491 883 544 941 illa
564 902 596 940 re
618 890 700 941 certo
718 880 846 940 eflicitur
861 900 965 940 omnes
981 882 1036 940 hos
1051 879 1211 941 laterculos
1234 900 1262 938 n.
1280 879 1349 939 891.
1367 879 1437 939 899.
1454 881 1524 941 893.
1542 882 1688 941 8941111

352 986 479 1045 militurn
495 987 621 1044 honesta
636 984 781 1044 missione
798 983 1005 1060 missoruml),
1027 984 1165 1059 idemque
1182 983 1257 1042 satis
1272 983 1455 1042 confidenter
1470 993 1601 1043 statuere
1617 984 1690 1044 licet

352 1088 389 1146 de
408 1088 564 1146 laterculis
587 1105 680 1163 supra
698 1105 726 1144 n.
744 1080 921 1161 895.2)V1,
941 1085 1031 1144 9395.
1047 1084 1137 1144 9391.
1156 1084 1246 1143 9401.
1263 1083 1355 1157 9403,
1378 1090 1428 1162 qui
1444 1097 1474 1144 et
1488 1087 1601 1145 formae
1617 1097 1691 1144 snut

353 1190 524 1249 simillimae
550 1198 580 1248 et
605 1189 735 1247 eiusdem
764 1188 826 1246 fere
850 1205 919 1246 esse
941 1189 1048 1246 aetatis
1070 1195 1300 1264 cognoscuntur.
1344 1186 1410 1246 Nec
1432 1189 1595 1264 quidquam
1618 1189 1691 1247 huic

352 1292 396 1351 rei
417 1291 526 1348 obstat.
571 1289 651 1348 Nam
673 1290 754 1365 qnod
779 1298 921 1348 numerus
944 1290 1071 1348 militum
1093 1290 1279 1367 singularum
1301 1290 1502 1349 centuriarum
1524 1292 1555 1349 in
1577 1291 1625 1348 his
1648 1291 1692 1348 la·

353 1393 476 1451 terculis
504 1392 597 1451 multo
625 1393 702 1451 solet
729 1395 826 1452 maior
851 1410 919 1452 esse
945 1411 1034 1469 quam
1061 1392 1092 1448 in
1118 1392 1271 1450 laterculis
1297 1392 1533 1467 antiquioribus,
1563 1410 1691 1451 consen-

354 1502 473 1552 taneum
500 1504 562 1566 est,
590 1513 650 1570 qua
677 1501 774 1552 aetate
801 1494 983 1570 praetoriani
1008 1512 1069 1552 non
1092 1513 1179 1552 omne
1202 1494 1326 1552 militiae
1347 1503 1465 1570 tempus
1486 1493 1517 1551 in
1539 1495 1691 1572 praetorio

355 1605 580 1668 consumerent,
608 1596 659 1654 sed
687 1597 765 1655 baud
793 1596 898 1673 paucis
920 1595 1079 1672 stipendiis
1107 1596 1135 1652 in
1161 1596 1329 1674 legionibus
1352 1596 1467 1655 meritis
1493 1617 1548 1674 per
1569 1597 1693 1655 ultimos

355 1701 453 1758 solum
477 1699 601 1757 militiae
624 1716 719 1756 annos
747 1703 776 1756 in
803 1699 976 1757 cohortibus
1003 1698 1161 1775 praetoriis
1184 1707 1300 1770 essent,
1328 1699 1459 1758 maxime
1484 1708 1601 1757 anctum
1624 1716 1694 1758 esse

357 1821 511 1861 numerum
534 1819 648 1872 eorum,
671 1800 774 1876 quiin
797 1819 855 1858 una
877 1819 995 1877 quaque
1017 1800 1161 1859 missione
1184 1800 1351 1859 dimittendi
1374 1812 1483 1861 essent.

437 1904 501 1961 lam
523 1902 603 1979 quod
626 1902 715 1960 modo
733 1902 865 1961 diximus
880 1902 1042 1960 laterculos
1057 1919 1135 1977 qnos
1151 1904 1381 1963 memoravimus
1397 1921 1464 1963 esse
1480 1905 1611 1963 eiusdem
1628 1905 1694 1962 fere

358 2007 476 2075 aetatis,
500 2013 533 2062 ot
555 2006 591 2062 de
611 2004 774 2076 laterculis,
796 2022 873 2080 quos
893 2011 1037 2063 testatum
1059 2013 1106 2063 est
1126 2005 1221 2063 fuisse
1243 2007 1274 2063 in
1296 2005 1399 2064 eadem
1423 2007 1569 2079 aedicula,
1591 2025 1645 2081 per
1659 2026 1694 2065 se

358 2118 591 2166 consentaneum
606 2113 662 2177 est,
683 2108 728 2164 ita
746 2106 783 2163 de
804 2107 943 2164 omnibus
967 2106 1013 2164 vel
1034 2107 1132 2164 forma
1154 2106 1317 2166 litterarum
1341 2109 1388 2166 vel
1410 2108 1471 2166 alia
1492 2109 1602 2167 indicia
1624 2128 1695 2183 pro-

355 2210 443 2279 bant,
471 2219 502 2267 ut
528 2228 557 2266 n.
578 2207 636 2267 891
662 2208 705 2284 (l,
728 2208 790 2282 19).
820 2207 879 2266 894
899 2208 940 2283 (1,
959 2208 1011 2277 11;
1034 2207 1132 2284 11,94)
1155 2208 1274 2284 895(1.
1294 2209 1355 2285 15).
1378 2209 1432 2281 VI,
1455 2209 1534 2268 9397
1556 2210 1596 2284 (v.
1614 2212 1642 2269 6.
1661 2211 1695 2285 1)

356 2313 444 2371 incisi
459 2319 539 2383 sunt,
559 2319 715 2385 antequam
733 2308 831 2369 Siscia
845 2329 864 2366 a
879 2308 1024 2385 Septimio
1040 2328 1147 2368 nomen
1164 2309 1326 2386 Septimiae
1349 2311 1547 2387 acciperet3).
1576 2313 1696 2370 Tamen

357 2421 565 2492 praeterquam
589 2411 670 2487 qnod
691 2411 848 2488 probabile
870 2411 917 2468 vel
939 2419 1018 2470 certe
1039 2412 1181 2470 credibile
1204 2412 1499 2472 111189511891
1527 2431 1594 2472 1111
1616 2414 1696 2472 eius-

358 2518 426 2575 dem
447 2513 598 2584 laterculi,
625 2514 655 2570 in
682 2513 791 2571 ceteris
813 2513 911 2571 forma
931 2513 1098 2572 litterarum
1121 2513 1265 2572 eiusmodi
1288 2523 1344 2586 est,
1372 2523 1405 2573 ut
1427 2516 1503 2575 duos
1527 2534 1593 2574 esse
1615 2517 1697 2574 eius·

359 2618 426 2675 dem
449 2617 603 2675 missionis
627 2615 663 2673 de
684 2614 837 2690 plerisque
859 2615 1026 2692 negandum
1049 2615 1099 2685 sit,
1121 2617 1157 2673 de
1179 2616 1263 2674 nullo
1286 2617 1430 2675 affirmari
1452 2617 1559 2692 possit.
1587 2617 1698 2675 Viden·

359 2728 407 2778 tur
429 2727 527 2777 antem
555 2734 657 2776 omnes
685 2717 829 2775 contineri
857 2719 982 2794 imperio
1009 2716 1148 2793 Septimii
1174 2716 1293 2791 Severi,
1321 2737 1375 2777 nec
1402 2726 1490 2777 notae
1517 2719 1603 2777 nobis
1625 2729 1700 2777 sunt

360 2820 480 2879 tabulae
502 2838 686 2878 marmoreae
706 2818 869 2878 laterculos
885 2818 1012 2877 militum
1028 2821 1288 2895 praetorianorum
1311 2821 1496 2879 continentes
1519 2821 1698 2898 posterioris

361 2921 518 2996 aetatis4).

445 3025 574 3101 Propter
596 3025 670 3082 haec
692 3042 771 3098 quae
792 3024 989 3100 exposuimus
1010 3024 1099 3082 etiam
1121 3025 1152 3081 in
1174 3023 1213 3083 iis
1235 3042 1311 3099 quae
1333 3025 1365 3082 in
1386 3025 1445 3082 vol.
1458 3024 1502 3083 Vl
1524 3024 1699 3084 dixeramus

363 3137 432 3186 sunt
453 3145 531 3202 qnae
554 3124 730 3202 corrigenda
752 3125 820 3183 sint.
866 3125 990 3201 Aliquid
1006 3126 1110 3185 iamin
1126 3125 1271 3184 addendis
1293 3147 1321 3203 p.
1339 3126 1398 3185 868
1422 3127 1461 3185 ad
1482 3146 1510 3184 n.
1530 3126 1609 3186 3885
1633 3147 1700 3186 cor-

360 3230 494 3288 reximus
519 3227 651 3285 dicentes
674 3228 750 3285 sitne
773 3227 934 3285 laterculus
957 3227 1066 3302 aliquis
1089 3229 1345 3304 praetorianorum
1368 3248 1406 3286 an
1429 3228 1608 3287 urbanorum
1630 3249 1701 3306 cog·

361 3331 447 3391 nosci
469 3349 529 3388 non
551 3345 642 3405 posse
664 3347 702 3387 ex
724 3329 844 3387 nomine
866 3329 961 3405 patris
983 3338 1012 3387 et
1035 3330 1113 3388 tribu
1133 3330 1180 3388 vel
1197 3328 1307 3388 additis
1322 3330 1370 3390 vel
1385 3332 1517 3390 omissis.
1551 3332 1700 3390 Idonenm

362 3442 459 3492 autem
483 3432 580 3490 visum
607 3442 654 3489 est
677 3431 725 3490 hic
748 3431 884 3490 subicere
906 3432 1033 3490 indicem
1057 3433 1268 3491 laterculorum
1291 3432 1493 3492 custodiarum
1516 3434 1701 3493 urbanarum

363 3535 450 3594 annis
472 3534 676 3610 praescriptis,
698 3551 823 3608 quarum
843 3542 946 3612 partes
968 3533 1123 3592 habemus.
1609 3532 1612 3539 ’

409 3665 452 3728 qui
466 3663 577 3713 militare
591 3671 730 3728 coeperunt
782 3679 877 3714 nornen
890 3664 970 3728 patris
1008 3665 1080 3729 origo
1230 3663 1331 3714 dimissi

820 3744 846 3787 et
858 3738 940 3788 tribus

363 3807 547 3886 praetoriani
571 3828 598 3866 a.
618 3809 685 3866 119.
705 3808 777 3879 19ος

405 3910 722 3968 1111111111.115.116
809 3910 955 3969 omittitur
987 3910 1106 3970 additur
1139 3921 1171 3969 nt
1185 3911 1301 3969 videtur
1316 3930 1342 3969 a.
1362 3912 1420 3971 136
1443 3911 1498 3983 VI,
1512 3911 1621 3970 93151.
1635 3916 1702 3987 b.c;

1516 4015 1660 4075 aroana

365 4122 495 4192 praetor.
519 4113 710 4174 1195196
835 4116 929 4173 omitt.
1016 4115 1083 4173 add.
1141 4125 1173 4174 ut
1195 4136 1221 4173 v.
1245 4136 1272 4173 a.
1292 4115 1348 4172 149
1445 4114 1594 4188 111,9405

443 4236 469 4275 a.
490 4215 557 4274 197.
578 4215 634 4275 198
647 4216 676 4292 ⁵)
836 4216 954 4275 additur
1029 4217 1042 4274 1
1142 4217 1425 4276 111.1.144ιιιι1148
1443 4217 1499 4290 vl,
1515 4218 1594 4278 9376

371 4361 576 4369 —-—-—-

444 4440 467 4502 ¹)
497 4442 658 4492 Confirmant
676 4449 753 4493 notae
772 4442 894 4506 cosmati)
915 4459 940 4493 n.
957 4445 1018 4505 899,
1034 4443 1069 4504 11,
1087 4446 1120 4492 10
1139 4448 1165 4492 11
1186 4440 1328 4503 1111111.

442 4531 466 4594 ²)
499 4534 673 4584 Confirmatur
692 4541 754 4584 nota
772 4535 898 4596 cvok(ati)
919 4536 955 4597 Il,
969 4535 1012 4585 30.

444 4623 468 4685 ³)
499 4626 598 4676 Contra
616 4627 753 4677 laterculus
773 4644 798 4676 n.
814 4627 865 4678 895
881 4627 915 4689 (1.
931 4632 954 4677 8.
970 4627 997 4688 9)
1018 4627 1118 4677 videtur
1136 4628 1231 4677 incisus
1246 4644 1301 4678 esse
1314 4635 1450 4692 antequam
1464 4628 1623 4678 Carnuntum
1638 4629 1703 4694 Sep-

368 4716 469 4765 timium
488 4718 645 4782 appellatum
666 4727 711 4779 111,
732 4720 848 4769 laterculi
868 4736 892 4769 rr.
908 4720 959 4770 899
974 4719 1005 4780 (1,
1022 4719 1057 4780 8).
1079 4717 1230 4780 8941611)
1251 4727 1348 4784 postea.

445 4806 470 4867 ⁴)
499 4810 583 4859 Etiam
604 4811 755 4860 laterculum
775 4813 995 4875 praetorianorum
1009 4812 1055 4871 Vl,
1071 4813 1151 4873 9386,
1177 4814 1220 4877 qui
1247 4814 1293 4861 etsi
1313 4813 1425 4875 paullum
1445 4813 1545 4860 diverse
1565 4821 1703 4876 conceptus

369 4907 415 4959 est,
436 4900 551 4950 eiusdem
578 4903 677 4951 videtur
699 4918 754 4951 esse
775 4905 890 4967 generis,
917 4905 967 4953 iam
987 4906 1013 4953 in
1034 4904 1149 4968 Corpore
1168 4905 1280 4961 diximus
1300 4920 1331 4952 ex
1352 4905 1454 4954 nomine
1476 4902 1703 4970 Pluutr'aa(opolis)

369 4993 489 5056 cognosci
510 5008 565 5043 esse
584 4995 693 5043 incisum
712 5003 771 5044 ante
791 4997 952 5046 interfectum
973 4997 1145 5046 Plautianum.

448 5083 472 5146 ³)
503 5087 537 5146 11,
553 5087 568 5136 9
589 5087 690 5135 videtur
708 5088 879 5152 supplendum
899 5088 1118 5151 1111711111αηὶ
1135 5089 1174 5137 vel
1194 5090 1320 5138 similiter.
1353 5089 1484 5140 Urbanine
1499 5104 1530 5138 an
1546 5090 1706 5153 praetoriani

369 5177 534 5242 intellegendi
554 5179 612 5240 sint,
632 5177 696 5227 nihil
715 5179 820 5229 indicat.
