3474 5812
324 503 396 573 ota
784 520 997 573 remunera
1023 521 1181 573 unsrun

324 695 391 754 dem
413 703 471 767 est3
498 699 565 753 narn
589 696 615 754 si
639 693 733 771 ponas
754 705 927 754 veteranum
950 708 1083 771 tempore
1104 694 1255 754 missionis
1280 694 1424 754 habuisse
1444 695 1539 753 filium
1563 694 1656 753 mari·

314 806 396 868 tum,
418 799 449 856 id
471 797 551 874 quod
572 797 635 856 fieri
658 797 763 873 potuit,
791 798 912 856 omnino
933 798 996 856 filio
1016 817 1135 874 quoqne
1156 797 1283 856 conubio
1305 815 1381 874 opus
1402 798 1468 869 fuit,
1494 805 1527 857 ut
1548 797 1656 856 matri·

324 901 455 959 monium
480 900 591 959 iustum
618 901 757 958 evaderet
781 907 811 958 et
832 900 918 958 liberi
941 921 980 958 ex
1001 920 1037 959 eo
1059 901 1121 959 nati
1143 901 1174 958 in
1196 909 1342 977 potestate
1365 901 1414 959 avi
1436 911 1544 959 esseut.
1593 896 1655 959 Sed

324 1011 358 1060 ut
383 1002 434 1079 qui
460 1003 542 1080 leges
568 1013 798 1078 composuerunt
825 1002 862 1060 de
887 1021 923 1060 eo
948 1020 1019 1060 casu
1047 1018 1106 1060 non
1132 1000 1304 1078 cogitarim,
1334 1001 1415 1077 quod
1445 1021 1501 1078 ego
1528 1020 1654 1079 quoque

324 1105 420 1183 magis
442 1106 621 1181 negaverim,
650 1124 717 1163 cum
743 1106 892 1180 posterior
917 1112 996 1161 certe
1023 1103 1172 1162 clausulae
1200 1122 1271 1178 pars
1298 1104 1334 1162 de
1361 1123 1455 1162 uxore
1482 1111 1553 1181 post
1579 1103 1655 1162 mis·

323 1209 436 1266 sionem
459 1208 545 1266 ducta
571 1207 609 1264 ad
635 1207 744 1265 liberos
770 1226 875 1283 parum
904 1215 982 1264 recte
1008 1205 1198 1264 extendatur:
1226 1205 1384 1282 privilegia
1407 1206 1471 1264 eius
1493 1206 1655 1284 temporis,

323 1329 382 1386 quo
405 1309 509 1367 civitas
531 1308 668 1367 Romana
689 1309 792 1367 liberis
814 1326 931 1384 quoque
954 1317 1159 1366 veteranorum
1184 1327 1246 1366 una
1271 1326 1337 1366 cum
1365 1307 1441 1384 ipsis
1467 1307 1655 1366 concedeba-

314 1418 380 1483 tur,
410 1411 499 1487 plane
532 1411 623 1469 simili
654 1410 845 1486 ambiguitate
875 1410 987 1486 scripta
1012 1427 1079 1468 csse
1104 1410 1308 1482 inveniuntur3
1341 1410 1385 1468 sic
1414 1410 1493 1468 enim
1519 1409 1561 1468 ibi
1589 1419 1652 1466 est:

322 1517 397 1590 ipsis
419 1513 515 1572 liberis
539 1517 718 1589 posterisque
743 1531 836 1572 sorum
861 1515 999 1571 cimtatm
1021 1514 1100 1571 dedit
1120 1523 1147 1571 et
1167 1513 1315 1572 conubium
1336 1530 1399 1570 cum
1419 1510 1553 1571 uuombus
1576 1530 1655 1587 qaas

322 1625 389 1675 tuno
410 1615 573 1674 habuissent
595 1634 656 1674 cum
678 1624 718 1674 est
739 1618 840 1674 sicitas
860 1619 897 1674 iis
918 1616 988 1702 data
1012 1624 1043 1673 et
1062 1633 1140 1690 quae
1161 1622 1335 1691 sequuntur.
1377 1614 1482 1691 Itaque
1502 1613 1579 1672 haec
1601 1627 1656 1672 ant

322 1718 365 1776 ita
387 1727 420 1775 ut
441 1735 533 1795 supra
553 1718 683 1777 indicavi
705 1717 886 1793 explicanda
906 1727 975 1776 sunt
997 1727 1048 1775 aut
1070 1725 1149 1776 certe
1171 1717 1334 1776 toleranda

364 1817 424 1879 Sed
456 1820 581 1879 militum
612 1821 841 1879 castellanorum
875 1819 1064 1890 vocabulum,
1100 1819 1131 1877 in
1167 1821 1248 1896 quod
1286 1827 1392 1898 sponte
1421 1818 1526 1878 incidit
1556 1819 1654 1877 etiam

322 1921 553 1995 Hirschfeldius,
575 1940 634 2000 quo
657 1923 881 2000 pertinentiam
904 1922 1065 1981 videamus.

364 2024 489 2084 Militiae
515 2025 669 2084 Romanae
696 2024 840 2084 rationem
868 2024 1042 2082 Alexander
1074 2026 1117 2082 ita
1143 2025 1281 2095 mutavit,
1314 2033 1347 2081 ut
1378 2043 1443 2082 eam
1475 2042 1513 2081 ax
1545 2022 1656 2098 aliqua

322 2135 407 2202 parte
429 2136 458 2184 et
479 2127 613 2186 colonam
635 2128 746 2187 faceret
767 2135 797 2184 et
817 2126 1035 2185 hereditariam.
1080 2126 1162 2196 Solo,
1189 2126 1231 2185 ait
1252 2127 1303 2202 qni
1325 2126 1415 2184 vitam
1437 2126 1503 2184 eius
1526 2124 1657 2202 scripsit

323 2246 349 2287 c.
369 2228 419 2301 58,
445 2247 519 2305 quos
540 2231 575 2288 ds
596 2230 722 2289 bostibus
745 2240 831 2307 capto
856 2239 922 2288 sunt
943 2230 1092 2288 limitaneis
1114 2229 1231 2289 slacibm
1253 2240 1279 2289 st
1300 2228 1436 2287 militibus
1459 2229 1578 2286 1101111111
1598 2231 1654 2298 itu,

321 2339 353 2387 ut
374 2349 469 2390 cortun
490 2341 589 2403 essent,
612 2336 638 2390 si
659 2332 772 2391 beredes
794 2351 889 2390 eorum
906 2332 1068 2402 militarent,
1091 2350 1141 2390 nec
1162 2350 1296 2407 umquam
1317 2332 1358 2389 od
1373 2333 1504 2406 privatos
1522 2332 1655 2405 pertine·

322 2442 394 2503 rent,
419 2434 513 2492 dicens
538 2437 669 2493 cumbas
692 2451 738 2493 sos
760 2434 941 2505 militaturos,
971 2438 996 2492 si
1022 2438 1105 2492 etiam
1130 2452 1185 2491 suo
1212 2452 1284 2490 rura
1310 2434 1506 2508 defmdsrsnt3
1533 2432 1655 2489 addidit

322 2552 392 2593 sone
413 2535 457 2593 bis
480 2545 505 2594 et
525 2536 666 2594 animalia
687 2547 714 2594 et
732 2555 839 2606 amoos,
862 2546 893 2593 ut
915 2545 1034 2612 possent
1054 2536 1143 2594 colere
1165 2535 1241 2610 quod
1261 2544 1439 2612 acceperant,
1460 2553 1494 2592 ns
1511 2551 1568 2610 per
1588 2537 1653 2592 ino-

318 2640 400 2712 piam
427 2637 566 2695 bominum
592 2640 636 2697 oel
659 2657 712 2713 per
736 2647 900 2696 senectutem
921 2638 1126 2713 possidentium
1149 2638 1340 2695 desererentur
1365 2655 1436 2694 rura
1462 2639 1556 2694 meina
1583 2635 1653 2694 bar·

322 2738 435 2810 bariae,
468 2741 545 2815 quod
570 2744 765 2817 turpissimum
792 2740 842 2797 ille
868 2740 985 2799 ducebat
1014 2738 1065 2814 (cf.
1093 2738 1155 2796 vita
1181 2739 1274 2797 Probi
1301 2757 1326 2797 c.
1350 2740 1411 2812 16).
1465 2737 1550 2797 Haec
1577 2757 1653 2797 rura

321 2841 459 2900 hostibus
486 2851 589 2920 erepta
616 2853 645 2901 et
671 2842 829 2902 barbarico
856 2842 920 2899 solo
946 2841 1044 2899 vicina
1066 2840 1184 2918 proprie
1205 2858 1274 2900 esse
1296 2842 1416 2900 castello
1436 2839 1588 2918 colligitur
1611 2861 1652 2899 ex

320 2942 387 3019 lage
402 2962 429 3002 a.
445 2943 503 3003 423
521 2943 643 3018 ((1111.
661 2945 689 3016 1,
707 2946 755 3016 15,
772 2944 789 3002 1
807 2969 844 2994 --
859 2941 893 3001 (l.
910 2943 983 3001 Iust.
1003 2945 1050 3013 ll,
1067 2943 1117 3013 60,
1134 2941 1179 3018 2):
1196 2947 1362 3018 quicumque
1377 2943 1556 3000 castellorum
1572 2942 1651 3001 locos

321 3063 493 3121 quonamque
518 3047 598 3104 titulo
622 3047 783 3122 possident,
813 3047 914 3104 cedunt
939 3064 974 3103 oc
1000 3047 1143 3114 deserant,
1171 3048 1240 3120 quia
1267 3044 1302 3102 ob
1329 3044 1373 3101 bis
1398 3054 1505 3103 tantum
1526 3045 1583 3119 sas
1610 3056 1654 3103 est

319 3149 462 3223 possideri
487 3149 669 3207 castellorum
698 3151 842 3207 territorio
868 3147 970 3224 quibus
996 3147 1145 3222 adscripto
1172 3156 1238 3204 sunt
1268 3157 1293 3205 st
1323 3147 1358 3203 de
1383 3147 1484 3221 quibas
1509 3147 1652 3206 iudicauit

321 3252 486 3324 antiquitas.
533 3251 617 3321 Quod
637 3255 663 3310 si
683 3252 802 3309 ulterius
824 3250 868 3307 uel
886 3253 1018 3324 pmoutoe
1039 3250 1209 3307 condicionis
1230 3251 1373 3324 quispiam
1394 3252 1424 3305 in
1445 3249 1489 3306 bes
1512 3247 1583 3307 locis
1605 3249 1653 3307 cel

320 3369 377 3408 non
396 3351 568 3411 castellanus
588 3352 668 3412 miles
683 3355 776 3426 suerit
797 3355 953 3409 detestator
974 3354 1111 3421 inventus,
1133 3351 1252 3425 capitoli
1273 3353 1411 3408 sententio
1432 3369 1492 3409 cum
1513 3351 1652 3409 bonorum

320 3453 511 3528 publicatione
533 3455 688 3530 plectatur.
731 3454 823 3512 Iidem
852 3454 915 3529 agri
942 3455 996 3512 sub
1019 3454 1138 3512 nomine
1160 3453 1430 3528 limitotrophorum
1454 3453 1518 3510 sive
1539 3452 1652 3511 limita·

320 3574 443 3613 neorum
470 3556 584 3632 passim
613 3558 644 3615 in
671 3556 935 3615 constitutionibus
965 3563 1247 3626 commemorantum
1281 3555 1310 3612 id
1344 3555 1423 3631 quod
1453 3554 1500 3613 vel
1528 3555 1652 3613 rubrica

322 3657 471 3733 siguificat
490 3655 612 3717 Codicis
629 3658 787 3716 Iustiniani
811 3658 874 3734 (11,
891 3658 945 3733 60)
968 3661 1002 3716 de
1016 3660 1120 3735 fundis
1144 3657 1344 3733 limitotropbis
1366 3667 1391 3715 et
1412 3659 1494 3714 terris
1517 3667 1543 3714 ct
1559 3657 1650 3733 polu-

320 3760 403 3818 dibus
425 3771 451 3818 et
469 3764 587 3836 pascuis
610 3760 760 3819 limitaneis
783 3760 826 3818 oel
848 3761 1033 3818 castellorum.
1071 3760 1168 3818 Huius
1190 3759 1326 3832 instituti,
1349 3759 1429 3832 quod
1452 3758 1490 3815 ad
1512 3759 1652 3817 Alexan·

321 3860 407 3919 drum
429 3881 526 3920 rerum
549 3863 711 3938 scriptores
734 3863 874 3935 referunt,
898 3873 1045 3939 tamquam
1068 3862 1255 3921 corollarium
1278 3869 1323 3920 est
1344 3859 1425 3936 quod
1443 3879 1511 3917 aere
1526 3860 1649 3919 Panno·

321 3963 388 4021 nico
411 3964 604 4041 significetur,
634 3965 748 4023 scilicet
774 3965 918 4023 militibus
945 3965 1117 4041 peregrinae
1139 3962 1319 4022 condicionis
1341 3980 1407 4020 cum
1429 3963 1555 4019 honesta
1578 3963 1650 4021 mis-

321 4065 406 4122 sione
428 4065 575 4124 ciritatem
598 4067 763 4126 Romanam
787 4067 829 4124 ita
850 4085 1026 4126 concessam
1047 4085 1123 4137 esse,
1151 4075 1183 4124 ut
1207 4065 1342 4142 gregales
1363 4063 1422 4139 ipsi
1444 4073 1558 4122 tantum
1582 4084 1649 4123 eam

321 4167 497 4242 acciperent,
520 4170 696 4228 decuriones
718 4183 815 4228 autem
838 4179 868 4226 et
889 4169 1078 4228 centuriones
1101 4187 1160 4225 una
1181 4186 1246 4225 cum
1262 4166 1375 4239 liberis,
1398 4166 1487 4223 modo
1502 4165 1547 4223 illi
1560 4166 1650 4225 relati

320 4279 423 4327 essent
449 4269 527 4329 inter
554 4272 663 4331 milites
689 4272 870 4330 castellanos
891 4271 1029 4346 filiosque
1051 4269 1182 4328 eiusdem
1203 4268 1387 4327 condicionis
1407 4267 1562 4340 haberent,
1587 4279 1650 4339 aut,

321 4370 347 4427 si
370 4373 476 4442 mavis,
498 4373 586 4433 modo
608 4375 668 4450 ipsi
689 4374 775 4432 relati
795 4381 896 4432 essent
909 4373 986 4431 inter
1000 4372 1179 4431 castellanos
1202 4371 1339 4446 filiosque
1360 4371 1471 4429 milites
1493 4370 1650 4429 haberent.

321 4470 392 4530 Filii
414 4484 512 4533 autem
534 4477 724 4551 requiruntur
745 4495 785 4534 ex
805 4475 881 4552 ipsis
904 4474 1060 4551 procreati,
1083 4493 1142 4532 nou
1165 4473 1325 4550 adoptione
1339 4472 1478 4549 quaesiti,
1501 4491 1539 4530 ne
1554 4473 1650 4532 orbus

320 4573 351 4630 111
371 4575 505 4635 fraudem
528 4577 603 4654 legis
625 4577 814 4655 privilegium
838 4585 970 4654 usurpet.
