3474 5812
102 426 105 497 i
461 408 762 467 ossanvsrroass
787 410 1072 464 EPIGRAPHICAE.
1367 390 1439 464 225

102 554 107 627 .'
148 589 408 666 aruasia-133.
431 621 471 632 -
493 588 628 647 Fuerunt
654 588 745 664 igitur
766 588 797 644 in
819 586 975 665 provincia
989 585 1141 662 Hispania
1163 585 1301 644 citeriore
1323 586 1440 645 dioece-

102 708 106 769 ξ
147 710 180 753 scr
198 700 261 751 cene
287 690 375 762 duae,
404 691 641 749 Tarraconensis
671 690 779 763 altera,
808 689 904 748 altera
932 689 1060 747 Asturia
1085 697 1115 746 et
1143 685 1305 760 Callaecia,
1333 689 1440 764 quibus

102 774 105 801 '
148 793 235 871 siugulis
264 792 355 871 legati
388 793 516 870 Augusti
548 793 758 871 praefuerunt,
796 792 953 850 universae
986 799 1084 850 autem
1118 791 1290 866 provinciae
1322 790 1440 868 legatus

102 956 104 961 ,
148 895 241 973 Aagmti
266 913 322 972 pro
350 904 498 970 praetore.
543 895 584 954 Et
610 895 655 952 illi
681 893 800 970 quidem
828 903 908 966 sunt,
937 894 987 970 qui
1016 893 1182 971 posteriore
1205 901 1301 951 aetate
1323 892 1441 951 iuridici

102 966 108 1109 t
149 997 255 1075 appellari
285 997 384 1074 coepti
417 1005 496 1070 sunt,
528 1016 596 1055 cum
628 1016 661 1055 re
694 1014 812 1071 semper
844 997 871 1054 ei
903 995 1002 1055 officio
1027 995 1216 1072 potissimum
1240 996 1439 1055 vacavissent.

102 1116 105 1129 ¹
147 1097 302 1174 Nequaquam
332 1099 425 1175 igitur
445 1119 548 1158 verum
575 1100 722 1174 estquod
745 1099 801 1156 viri
829 1099 907 1156 docti
934 1118 1029 1175 nuper
1055 1098 1250 1156 defenderunt
1273 1097 1445 1174 (Benudori'

102 1152 106 1269 i
149 1198 330 1258 etHirschield
352 1202 432 1259 arcis.
449 1206 538 1278 epipr.
555 1201 652 1258 Mittis.
669 1219 723 1258 aas
740 1201 914 1259 Oesterreicis
940 1202 954 1256 1
979 1219 1007 1276 p.
1027 1199 1099 1276 169)
1123 1200 1265 1259 iuridicos
1285 1200 1440 1258 institutos

102 1278 105 1319 ¹
149 1318 194 1359 esse
216 1302 248 1360 ab
269 1301 436 1361 Hadriano.
481 1304 578 1361 Immo
613 1303 639 1361 si
671 1321 730 1360 non
765 1303 900 1369 nomine,
933 1313 1009 1360 certe
1037 1322 1069 1359 re
1094 1320 1146 1361 eos
1168 1311 1284 1360 creatos
1311 1320 1377 1361 esse
1403 1302 1441 1359 ab

148 1401 194 1479 ipso
212 1406 341 1481 Augusto
368 1406 457 1481 plane
485 1404 679 1463 confirmatur
709 1423 745 1461 eo
775 1404 855 1479 quod
885 1406 928 1462 ait
955 1401 1062 1464 Strabo
1091 1406 1120 1475 3,
1143 1404 1172 1476 4,
1192 1402 1232 1462 20
1261 1402 1440 1481 Hispaniam

149 1504 273 1564 citeriorem
313 1526 419 1582 parere
458 1507 558 1585 legato
598 1506 763 1577 consulari,
808 1507 864 1566 sub
904 1525 940 1565 eo
980 1517 1078 1565 autem
1118 1524 1186 1565 esse
1224 1507 1338 1584 legatos
1378 1517 1439 1565 tres

149 1606 239 1680 (scilieet
256 1627 315 1668 uon
337 1609 445 1685 ipsiuS,
468 1609 521 1667 sed
544 1617 574 1667 et
594 1610 678 1685 ipsos
701 1610 859 1686 Augusti),
882 1596 920 1665 aiv
941 1603 956 1666 o‘
978 1596 1025 1678 μὲν
1048 1599 1098 1667 δύο
1121 1600 1202 1688 ἔχων
1222 1599 1363 1685 τάγματα
1384 1631 1441 1666 πα-

149 1710 261 1791 pappiapai
281 1703 333 1781 τὴν
358 1700 445 1793 stipor
470 1713 521 1767 τοῦ
543 1703 658 1796 Aaapr'aa
682 1713 784 1768 πᾶσαν
809 1701 854 1768 ἐπὶ
876 1705 929 1773 τᾶς
951 1697 1072 1792 ἄρκτους
1092 1698 1126 1781 ἣν
1141 1752 1148 1766 .
1166 1754 1173 1769 .
1188 1704 1371 1772 Καλλαῖκοῦς
1395 1701 1441 1768 λε’-

151 1831 228 1885 paror·
252 1802 389 1871 συνάπτει
416 1800 447 1868 δὲ
476 1804 586 1872 τούτοις
613 1808 651 1870 τοὶ
680 1805 857 1895 προσάρκτια
885 1800 932 1895 ὅρη
961 1807 1032 1880 μετὰ
1060 1815 1113 1870 τῶν
1138 1803 1286 1894 ’Λα-τύρων
1314 1803 1361 1870 καὶ
1387 1814 1439 1870 τῶν

110 1932 116 1973 “.
150 1903 289 1997 Ιατᾶβριιν
306 1957 314 1971 .
331 1957 338 1971 .
354 1955 362 1969 .
378 1908 427 1985 τὴν
469 1908 477 1930 ’
501 1911 570 1995 ἑξῆς
591 1908 735 1998 aapo'pcrcv
759 1905 845 1996 μέχρι
871 1905 998 1998 Πυρήνης
1024 1909 1038 1971 ὃ
1063 1907 1192 1998 δεύτερος
1216 1918 1269 1974 τῶν
1296 1905 1440 1998 πρεσβευ-

114 2006 117 2011 ’
151 2012 189 2071 nir
208 2009 268 2084 μιιιὶ
293 2017 346 2073 τοῦ
371 2007 461 2099 ἑτέρου
487 2007 652 2094 τάγματος·
676 2015 824 2074 ἐπισκοπεῖ
848 2005 878 2074 δὲ
904 2012 917 2072 ὁ
943 2007 1032 2098 rpirac
1058 2011 1108 2085 τῆν
1134 2005 1301 2095 perciperes,
1322 2008 1442 2096 συνέχει

152 2100 275 2176 δῖιᾶτιῒν
296 2107 431 2194 τογιῖτων
459 2107 514 2189 ἤδη
536 2109 692 2196 λεγομένων
720 2114 756 2178 ὡς
782 2108 820 2175 ἂν
840 2117 991 2201 εἷρηνιαιῶν
1013 2108 1060 2175 καὶ
1082 2118 1121 2180 εἷς
1142 2112 1173 2176 ιδ
1195 2111 1294 2199 ἥμερον
1319 2109 1367 2176 καὶ
1392 2111 1441 2175 riv

150 2209 251 2275 traaas
275 2210 364 2278 τύπον
385 2210 588 2290 μετακειμὲνων
609 2219 638 2277 ἐν
658 2222 696 2298 τῇ
716 2212 866 2298 τεθεννικῇ
886 2217 1001 2291 ἐσθῆτι.
1048 2220 1165 2280 Horum
1192 2222 1357 2299 legatorum
1383 2222 1442 2297 pri·

153 2335 197 2376 aas
216 2329 254 2380 est
276 2321 303 2382 is
330 2323 382 2400 qni
408 2323 516 2383 dicitur
537 2323 679 2382 Asteriae
702 2334 732 2383 et
755 2321 937 2396 Callaeciae,
964 2324 1069 2382 tertius
1091 2325 1143 2399 qui
1171 2335 1292 2401 praeest
1313 2324 1443 2383 dioecesi

153 2416 345 2497 Tarouanna
369 2426 517 2485 secundus
540 2427 570 2484 in
593 2426 687 2484 titulis
709 2426 807 2484 adhuc
825 2434 964 2503 repertus
984 2437 1113 2499 nonest,
1136 2445 1191 2485 nec
1212 2435 1291 2486 recte
1313 2427 1351 2486 ad
1373 2446 1442 2485 eum

153 2524 299 2596 parinum
325 2529 485 2587 trahuntur
512 2529 534 2586 ii
559 2527 648 2601 tituli,
676 2529 728 2605 qui
755 2530 910 2588 nominant
935 2529 1067 2607 legatum
1095 2529 1252 2588 iuridicum
1274 2528 1441 2605 Hispaniae

153 2619 245 2687 torua
262 2648 321 2688 non
342 2631 503 2689 enuntiata.
547 2629 627 2689 Nam
653 2633 805 2688 iuridicam
827 2630 992 2708 Hispaniae
1018 2636 1157 2691 citerioris
1189 2631 1267 2691 tituli
1288 2631 1443 2690 Beneven-

155 2726 321 2791 uairuLIX
341 2731 617 2792 n.1572=1.1t
641 2733 679 2792 N.
705 2732 786 2792 1420
812 2733 1070 2793 Tarraconensem
1104 2753 1172 2794 esse
1203 2735 1272 2793 iude
1304 2735 1441 2808 efficitur,

155 2828 209 2903 tissi
223 2833 348 2895 ciusdem
376 2835 433 2893 riri
455 2835 532 2895 alter
553 2836 669 2907 titulus,
696 2836 748 2894 ubi
773 2835 880 2895 dicitur
902 2839 1011 2913 tapetas
1032 2840 1174 2897 iuridicas
1195 2837 1443 2896 determinatione

155 2944 195 2988 ltu
217 2934 328 3010 adiecta,
363 2937 535 2996 Tarracone
566 2939 677 3016 prodiit
709 2937 782 3011 (vol.
806 2938 836 2995 II
868 2958 896 2997 n.
919 2939 1030 3015 4113),
1066 2945 1176 3016 quique
1207 2948 1302 2999 restat
1333 2941 1443 3016 topatus

156 3033 255 3097 dmm
273 3039 440 3116 Hispaniae
461 3059 553 3116 supra
575 3042 683 3099 citatus
711 3048 811 3115 potest
831 3051 862 3099 et
886 3042 950 3116 ipse
973 3042 1076 3100 eodem
1099 3044 1198 3101 officio
1224 3042 1343 3102 functus
1365 3059 1443 3101 esse.

157 3126 249 3199 Quadi
267 3142 358 3218 igitur
379 3142 472 3219 legati
494 3142 666 3201 dioeceseos
689 3161 796 3201 nomen
819 3142 917 3202 adhuc
938 3144 1101 3219 ignoratur.

200 3239 236 3299 lt.
270 3243 345 3302 Tres
367 3245 482 3320 primos
505 3243 582 3303 tituli
598 3262 703 3302 versus
724 3263 785 3302 non
807 3245 962 3323 intellego;
985 3246 1042 3304 hoc
1061 3256 1187 3323 apparet
1206 3247 1242 3304 de
1263 3246 1443 3330 στρ[ιιιηγῷ]

122 3380 125 3385 -
158 3339 245 3415 witti
263 3364 321 3405 non
343 3364 445 3424 posse,
468 3365 534 3405 cum
557 3347 583 3404 is
606 3347 703 3405 honor
724 3348 827 3405 redeat
846 3367 872 3405 v.
891 3350 940 3420 11,
963 3367 1017 3407 nec
1040 3349 1114 3407 satis
1134 3350 1288 3408 commode
1310 3348 1444 3407 introdu-

159 3436 212 3499 titur
226 3448 451 3525 supplementum
474 3449 512 3507 ab
534 3449 647 3508 editore
669 3450 857 3524 propositum
880 3444 951 3527 [ἀφ’
974 3442 1110 3527 ὑ]ια’των.

702 3744 857 3841 XXV.

190 3948 479 4058 FORMVLA
509 3960 667 4058 VOTI
695 3965 1012 4059 FRATRVM
1040 3965 1401 4061 ARVALIVM.

215 4171 373 4236 samsari
395 4185 539 4236 exeuntes
562 4182 593 4234 in
615 4195 662 4234 am
683 4195 724 4235 em
745 4196 792 4234 am
813 4187 843 4235 et
865 4177 988 4235 ablativi
1010 4177 1062 4253 qui
1082 4176 1189 4235 finiunt
1209 4177 1241 4235 in
1263 4197 1283 4236 a
1305 4198 1319 4237 e
1340 4198 1355 4236 a
1377 4197 1444 4238 cum

159 4274 435 4351 mnxdifferrent,
456 4287 570 4337 mature
586 4279 704 4349 accidit,
727 4290 759 4337 ut
780 4281 857 4337 inter
879 4295 912 4336 se
934 4288 1172 4354 permutarentur
1188 4297 1256 4338 cum
1278 4280 1359 4352 alibi,
1382 4292 1445 4341 tum

159 4370 251 4438 “lime
272 4381 304 4439 in
331 4381 513 4440 carminibus
540 4382 666 4440 vetustis
694 4381 837 4439 memoria
862 4381 905 4438 ita
931 4381 1057 4452 traditis,
1085 4390 1117 4438 ut
1144 4381 1215 4456 quid
1242 4382 1446 4458 significarent

158 4466 233 4538 idea
248 4483 412 4542 recitabant
434 4501 525 4561 saepe
546 4503 653 4560 parurn
675 4482 871 4559 perciperent.
908 4482 982 4541 Eius
1005 4483 1118 4541 abusus
1141 4483 1323 4544 luculentum
1346 4506 1446 4545 exem·

156 4564 210 4639 ihm
229 4602 320 4663 aeque
348 4585 446 4644 adhuc
473 4587 503 4644 ni
531 4585 621 4643 fallor
647 4586 718 4644 satis
745 4585 928 4643 intellectum
955 4604 1089 4662 promam
1117 4604 1156 4643 ex
1181 4586 1292 4645 tabulis
1321 4588 1445 4648 fratrum

154 4666 284 4746 Arrdiam.
328 4686 401 4745 Voti
428 4707 548 4747 carmen
575 4688 719 4746 sollemne
744 4688 980 4763 componendum
1015 4687 1121 4763 opinor
1148 4706 1214 4746 curn
1246 4695 1318 4747 nota
1343 4709 1445 4766 preca·

154 4770 382 4849 iuscaroniana
396 4790 446 4865 (da
461 4810 485 4847 r.
501 4811 524 4848 r.
549 4788 678 4866 e.132):
701 4791 834 4866 Iuppiter
849 4790 975 4864 dapalis,
997 4799 1087 4848 macte
1108 4790 1161 4847 isac
1183 4789 1269 4849 iliaca
1289 4793 1363 4867 dape
1380 4795 1447 4869 pal·

153 4870 238 4948 imas
258 4904 325 4963 esta,
347 4892 431 4951 item:
453 4893 586 4968 Iuppiter
600 4893 727 4970 dapalis,
748 4902 836 4950 macte
857 4896 922 4950 aino
944 4893 1046 4966 inser-io
1068 4901 1126 4949 esto
1149 4892 1177 4948 in
1200 4894 1274 4951 actis
1297 4893 1358 4952 illis
1381 4912 1445 4953 sae·

150 4985 194 5051 ‘iio
209 4996 315 5071 primo,
337 4995 451 5054 scilicet
472 4997 510 5054 ab
533 5016 559 5054 a.
577 4994 615 5052 27
639 4993 688 5070 (O.
702 4995 727 5052 1.
740 4993 776 5052 L.
790 4993 844 5064 VI,
860 4992 972 5070 2024),
993 4995 1044 5052 ubi
1065 4994 1194 5069 primum
1217 5005 1368 5054 servatum
1391 5006 1446 5069 est,

117 5176 121 5181 Ι
146 5088 206 5155 tta
219 5116 314 5175 usque
330 5096 380 5169 87,
407 5098 552 5156 formatur
572 5098 687 5157 adhoc
706 5096 896 5174 exemplum:¹
915 5097 1061 5173 Iuppiter,
1080 5097 1132 5155 tibi
1149 5097 1218 5156 boos
1235 5108 1339 5158 aurato
1359 5117 1445 5158 acceo

201 5198 245 5257 IV
1204 5198 1243 5259 15
