3474 5812
346 1625 429 1736 llll
467 1621 726 1734 ll'llLlAll
762 1620 1158 1733 POMPTILLAE
1196 1619 1592 1733 MONVllllNTO

768 1792 1162 1907 olalalllao

886 2001 1047 2054 SCRIPSlT

699 2145 1015 2228 VINCENTIVS
1046 2144 1238 2227 CRESPI.

304 2514 364 2671 In
389 2631 495 2690 magno
516 2613 771 2672 nobilissimorum
794 2622 1050 2672 monumentorum
1073 2632 1208 2683 numero,
1235 2631 1310 2688 quae
1333 2632 1371 2670 ex
1394 2624 1491 2672 vetere
1512 2615 1638 2691 imperii

306 2717 434 2776 Romani
466 2715 687 2792 magnificentia
715 2716 819 2774 relicta
849 2734 902 2773 nec
931 2735 1091 2791 perversae
1119 2716 1272 2793 religionis
1300 2716 1383 2774 furor
1412 2735 1464 2774 nec
1492 2716 1639 2776 fortunae

306 2835 395 2877 casus
417 2835 513 2893 neque
534 2818 644 2893 impiae
665 2818 869 2893 imperitorum
893 2836 998 2876 manus
1020 2819 1062 2876 ita
1084 2818 1183 2875 delere
1204 2828 1378 2894 potuerunt,
1405 2818 1517 2876 nullum
1541 2821 1637 2878 vesti-

306 2920 387 2998 gium
419 2929 451 2977 ut
480 2928 661 2996 superesset,
692 2938 749 2976 non
781 2920 914 2977 ultimum
945 2938 1017 2977 sane
1047 2920 1143 2978 locum
1172 2921 1284 2978 obtinet
1311 2921 1423 2979 Atiliae
1452 2920 1639 2997 Pomptillae

308 3022 474 3101 sepulcrum
502 3021 581 3097 quod
608 3040 699 3097 prope
726 3020 858 3080 Calarim
881 3018 1036 3080 Sardiniae
1064 3023 1165 3080 urbem
1193 3032 1344 3080 servatum
1372 3043 1425 3099 per
1450 3023 1551 3100 populi
1580 3042 1640 3083 ora

307 3145 383 3184 nunc
410 3121 534 3181 ‘antrum
564 3120 737 3199 viperarum’
765 3125 813 3199 (lo
833 3135 927 3199 prottu
949 3124 1021 3183 delle
1042 3125 1149 3200 cipere)
1179 3134 1310 3182 vocatur.
1354 3126 1402 3183 Ad
1428 3126 1505 3183 viam
1533 3125 1640 3199 situm,

308 3246 385 3303 quae
408 3245 461 3301 per
482 3227 577 3283 vicum
601 3228 652 3302 qul
675 3225 705 3285 S.
727 3227 901 3283 Avendrace
923 3245 1002 3283 nuuc
1024 3227 1193 3303 appellatur
1215 3226 1308 3298 ducit,
1336 3246 1373 3283 ex
1396 3227 1463 3283 viva
1484 3245 1559 3302 rupe
1581 3248 1640 3286 ex-

307 3331 400 3388 cisum
424 3346 489 3387 cum
512 3329 578 3385 aliis
600 3328 699 3386 multis
722 3328 847 3385 cameris
871 3327 1101 3404 sepulcralibus,
1124 3329 1153 3385 in
1175 3329 1276 3405 templi
1299 3327 1369 3385 olim
1391 3329 1518 3403 speciem
1540 3330 1638 3389 fabri-

309 3441 406 3490 catam
430 3439 624 3506 ornatumque
647 3448 825 3507 quamquam
848 3430 974 3504 pristino
996 3431 1054 3488 iam
1077 3441 1158 3488 caret
1179 3439 1285 3488 ornatu
1305 3430 1452 3506 cultuque,
1474 3440 1573 3489 tamen
1591 3435 1638 3490 iu-

309 3533 485 3608 scriptiones
509 3543 537 3589 et
557 3531 671 3589 Graece
693 3541 722 3589 et
739 3531 846 3589 Latine
868 3531 1030 3609 parietibus
1054 3533 1219 3608 insculptae
1242 3532 1402 3590 effecerunt
1424 3543 1456 3590 ut
1478 3552 1544 3590 cum
1567 3535 1641 3592 inde

310 3637 348 3694 ab
371 3634 508 3712 proximo
531 3633 648 3692 saeculo
671 3633 806 3691 homines
830 3634 1015 3708 antiquitatis
1038 3634 1166 3692 studiosi
1181 3634 1297 3691 animos
1312 3653 1347 3692 eo
1363 3635 1558 3693 attendissent
1574 3654 1639 3694 cre-

310 3737 439 3796 berrima
464 3737 544 3793 fama
570 3735 607 3794 ad
634 3735 710 3793 huno
739 3752 832 3810 usque
855 3737 931 3792 diem
955 3735 1134 3793 celebratum
1157 3735 1203 3793 sit.
1248 3735 1314 3813 Ego
1338 3755 1421 3807 vero,
1449 3737 1495 3793 cui
1518 3755 1639 3794 summo

311 3860 375 3898 cum
403 3839 557 3896 commodo
584 3847 672 3914 atque
699 3839 759 3895 otio
788 3837 914 3914 sepulcri
941 3848 970 3894 et
991 3839 1077 3895 situm
1101 3846 1129 3894 et
1151 3846 1287 3895 naturam
1310 3838 1480 3895 examinare
1501 3838 1641 3897 licuisset

312 3961 366 4000 nec
394 3940 467 3999 nihil
493 3940 563 3997 mihi
587 3939 747 4015 profecisse
771 3941 886 3998 viderer
908 3958 973 3997 cum
997 3940 1239 4014 inscriptionibus
1261 3940 1309 3996 vel
1331 3941 1416 3997 novis
1439 3941 1564 4015 repertis
1587 3942 1639 3999 vel

311 4062 386 4119 quae
417 4052 501 4099 erant
531 4054 664 4118 repertae
696 4042 792 4100 denuo
822 4042 922 4112 lectis,
955 4050 1016 4098 tum
1048 4028 1200 4098 aediculae
1229 4041 1362 4116 reliquiis
1391 4043 1557 4100 accuratius
1588 4043 1640 4102 de·

312 4145 445 4222 scriptis,
473 4161 580 4219 operae
608 4144 734 4220 pretium
763 4143 835 4200 duxi
862 4162 908 4200 me
934 4143 1078 4201 facturum
1109 4143 1134 4201 si
1163 4143 1343 4218 Pomptillae
1372 4143 1527 4202 defunctae
1556 4146 1640 4220 piam

311 4246 455 4305 hocloco
478 4246 648 4304 memoriam
671 4246 841 4303 recolerem.

395 4348 430 4405 In
457 4348 552 4406 fronte
579 4348 668 4424 igitur
696 4347 848 4405 aediculae
874 4347 949 4406 duae
960 4348 987 4422 1)
1016 4359 1100 4406 erant
1121 4349 1291 4419 columnae,
1318 4367 1444 4424 quarum
1466 4367 1530 4406 cum
1553 4350 1640 4426 ipsae

312 4451 454 4527 perierint
481 4451 678 4525 capitulorum
706 4451 872 4525 fragmenta
900 4459 1043 4526 superant
1064 4452 1176 4507 formae
1199 4451 1365 4521 Romanae3
1394 4451 1542 4525 utrimque
1564 4471 1639 4509 vero

312 4553 407 4611 adlruo
435 4561 540 4610 extant
566 4552 701 4627 singulae
731 4560 915 4627 parastatae,
948 4553 1056 4626 quibas
1085 4553 1252 4628 epistylium
1283 4552 1417 4610 innititur
1443 4552 1576 4627 zophoro
1606 4564 1642 4611 ut

311 4655 354 4713 ita
381 4655 475 4712 dicam
503 4664 635 4726 auctum,
664 4654 712 4730 qui
740 4653 867 4729 undique
894 4673 948 4712 ora
972 4655 1084 4712 cinctus
1107 4655 1231 4730 guttulis
1254 4654 1392 4712 distincta
1414 4655 1527 4712 medius
1550 4674 1642 4713 orua-

314 4823 515 4832 —————...

390 4944 414 5005 ¹)
441 4946 567 5006 Quattuor
590 4945 668 4994 fuisse
687 4946 853 4995 Lamarmora
877 4946 954 5006 dixin
980 4945 1025 4994 sed
1050 4961 1102 4995 non
1127 4946 1234 5009 amplius
1260 4945 1358 4994 duabus
1383 4946 1467 4994 locum
1489 4961 1543 4995 esse
1563 4947 1637 4996 testis

315 5039 430 5088 oculatus
457 5037 573 5086 adfirmo.
611 5038 802 5086 Parastatarum
826 5046 851 5087 et
876 5038 1051 5087 columnarum
1076 5038 1187 5102 capitula
1210 5039 1276 5086 iuter
1300 5053 1326 5085 se
1352 5038 1496 5087 confudisse
1523 5038 1640 5100 videtum

313 5139 456 5196 parastatae
476 5131 544 5179 euim
565 5131 639 5179 unius
659 5130 797 5193 capitulum
818 5132 894 5180 ctiam
914 5146 981 5180 nuuc
1000 5137 1113 5194 superest
1134 5129 1251 5194 epistylio
1271 5130 1386 5178 affixum.
