3474 5812
202 117 274 188 228
777 135 960 188 5511115511

287 310 393 386 Itaque
416 310 578 369 secundum
604 311 683 368 hunc
709 311 827 368 titulum
854 329 972 387 quoque
1000 310 1030 367 in
1051 310 1172 369 cohorte
1194 311 1292 386 prima
1313 316 1438 388 quinque
1457 332 1535 375 eeu·

202 412 338 471 teriones
361 414 489 484 fuerunt,
511 432 616 489 nempe
631 413 746 490 primus
761 414 851 490 pilus,
875 413 1024 490 princeps,
1046 414 1191 486 hastatus,
1213 415 1356 492 princeps
1375 416 1526 491 posterior,

201 514 338 573 hastatus
360 515 517 592 posterior,
538 516 627 575 iidem
651 526 749 573 autem
765 517 896 591 quinque
919 516 1056 592 optiones
1079 516 1249 575 habuerunt
1258 515 1296 592 ¹).
1341 514 1416 576 0515
1435 516 1472 575 ita
1485 519 1515 577 15

200 616 317 692 legione
347 618 539 677 inveniantur
567 618 661 677 fuisse
683 619 901 695 quinquaginta
928 636 1033 677 novem
1060 620 1251 678 centuriones
1277 618 1454 695 totidemque
1471 638 1512 697 up·

201 719 315 791 tiones,
348 721 378 778 in
408 721 460 779 1115
489 731 587 780 autern
613 722 757 780 laterculo
784 722 942 799 sexaginta
969 731 1110 796 quattuor
1143 721 1281 799 optiones
1315 734 1505 793 enumerentur,

203 822 317 879 conicio
351 823 487 882 cohortes
513 824 645 901 reliquas
673 841 763 882 senos
790 823 978 882 centuriones
1005 839 1154 899 senosque
1180 824 1320 899 optiones
1347 821 1506 899 natusest

201 924 314 1000 primae
341 934 500 1001 postquem
526 935 613 984 encta
635 936 680 985 est
706 927 837 1002 quinque
864 926 1054 984 centuriones
1076 926 1255 1001 praefuisse,
1281 926 1414 1002 quinqua
1435 925 1507 1001 upt'c

202 1043 270 1099 nes,
296 1031 428 1103 quinque
450 1027 616 1100 adiutores,
643 1048 712 1087 nam
739 1029 845 1086 horurn
871 1046 990 1103 quoque
1016 1028 1127 1085 mentio
1153 1026 1188 1085 fit
1211 1027 1243 1085 in
1271 1027 1359 1085 titulo
1385 1026 1422 1085 ad
1444 1026 1509 1091 resti-

202 1128 347 1186 tutionem
374 1129 505 1188 eiusdem
533 1130 671 1189 tabularii
698 1132 864 1206 pertinente
890 1128 1009 1207 (5.221
1033 1130 1101 1187 adu.
1125 1128 1173 1204 3),
1209 1148 1307 1207 neque
1339 1130 1509 1207 incongruunt

200 1240 247 1289 est
274 1231 424 1290 adiutores
450 1249 503 1291 cos
530 1233 607 1291 inter
633 1232 755 1291 LXIIII
782 1234 919 1309 optiones
942 1232 1101 1290 numerari.
1128 1263 1167 1274 -
1190 1231 1241 1289 Ex
1271 1233 1404 1309 quinque
1432 1222 1512 1293 certi

200 1333 335 1392 tionibus
362 1334 494 1392 cohortis
521 1335 634 1411 primae
661 1333 788 1412 Vegetio
820 1336 931 1412 primus
963 1345 1010 1393 cst
1040 1338 1165 1393 55515115
1188 1337 1279 1410 prinei
1301 1335 1374 1411 pili,
1400 1333 1511 1413 praefra-

202 1443 248 1493 tus
277 1436 447 1495 hominibus
470 1434 588 1508 0000,
620 1437 696 1495 alter
720 1442 832 1513 primus
863 1439 992 1496 hastatus
1025 1437 1215 1513 praepositus
1249 1436 1394 1509 ducentis,
1424 1440 1527 1495 tertius¹

201 1545 383 1612 quartusque
412 1539 589 1615 princeps3)
625 1549 655 1598 51
687 1541 826 1598 secernetur
859 1541 989 1598 15515155
1021 1539 1162 1615 praefecti
1194 1538 1370 1599 homiuibus
1401 1538 1513 1597 55515515

202 1638 433 1716 quinquagenis3
463 1642 598 1717 quintus,
628 1641 679 1718 qui
706 1642 830 1714 excidit,
861 1659 983 1699 necesse
1009 1652 1055 1699 est
1081 1640 1172 1699 fuerit
1197 1643 1339 1699 secandus
1357 1640 1511 1717 presepe)

201 1759 307 1819 regens
333 1743 469 1802 homines
499 1755 627 1803 centurn.
672 1745 707 1801 ln
735 1763 795 1820 qua
827 1743 1050 1803 enumeratione
1072 1741 1219 1820 Vegetius
1251 1760 1319 1801 cum
1352 1743 1441 1802 sclito
1467 1740 1513 1801 sihi

200 1863 300 1901 erroro
328 1845 494 1921 veriloquio
526 1846 663 1904 vocabuli
690 1847 831 1921 deceptus
864 1847 1014 1904 hastatum
1048 1845 1174 1922 principi
1208 1845 1414 1922 praeposuerit
1423 1843 1460 1921 ⁶),
1484 1860 1512 1903 55

202 1965 303 2005 511515
329 1947 486 2006 emendato
513 1949 627 2024 primae
653 1948 769 2006 cohorti
795 1949 989 2024 praefuerunt
1014 1949 1130 2025 primus
1155 1947 1237 2025 pilus
1264 1944 1374 2007 0000
1399 1946 1513 2005 homines

201 2067 325 2126 regem,
352 2050 492 2126 princeps
519 2048 586 2120 00,
613 2051 752 2110 hastatus
779 2050 892 2127 primus
913 2060 943 2109 et
964 2052 1103 2127 princeps
1130 2051 1281 2127 posterior
1303 2048 1371 2122 CL,
1397 2048 1513 2109 1155151111

200 2152 351 2227 posterior
372 2149 408 2223 0,
430 2152 461 2210 id
482 2153 562 2228 quod
583 2153 673 2230 plane
695 2153 834 2211 convenit
855 2172 920 2211 cum
943 2152 1028 2210 titulo
1049 2152 1293 2212 Lambaesitano.

283 2254 381 2312 Porro
413 2253 568 2313 rideamus
602 2256 791 2314 centuriones
827 2274 934 2313 551515
966 2263 996 2314 51
1032 2255 1262 2333 quinquaginta,
1298 2264 1373 2331 quot
1402 2254 1512 2313 furasse

202 2356 271 2414 inde
298 2357 336 2415 ab
363 2351 560 2433 Augusto⁶),
588 2364 665 2415 certe
692 2358 760 2416 inde
787 2359 824 2416 ab
854 2357 1008 2415 Hadriano
1035 2357 1144 2435 legioni
1171 2357 1339 2435 praefuisse
1365 2355 1513 2425 docuimus,

201 2459 308 2534 quibus
346 2459 517 2518 nominibus
553 2459 686 2518 distincti
722 2460 833 2518 fuerint
865 2469 894 2517 51
925 2458 1072 2536 gradatim
1103 2460 1254 2537 quomodo
1286 2477 1321 2519 55
1351 2456 1514 2537 exceperint-

200 2678 404 2692 *a

279 2803 302 2867 ¹)
322 2806 371 2854 Hic
394 2820 515 2855 numerus
533 2813 666 2870 praeterea
692 2820 723 2855 eo
748 2806 922 2867 confirmatur,
948 2806 1017 2870 quod
1042 2812 1071 2855 ut
1093 2806 1149 2855 dixi
1177 2806 1292 2872 quinqua
1315 2807 1431 2871 optiones
1451 2802 1518 2855 1151ιὺ
1542 2836 1545 2841 -

202 2897 269 2946 111511
293 2899 319 2946 15
339 2898 419 2946 511515
438 2898 551 2949 152551
570 2906 733 2948 recensentur
751 2906 810 2963 post
829 2900 940 2963 quinque
960 2899 1065 2962 primos.
1098 2897 1211 2950 Omnino
1230 2899 1300 2948 tituli
1317 2915 1344 2949 u.
1359 2900 1436 2950 2554.
1453 2894 1516 2947 'dib
1539 2930 1546 2965 ·.

201 2990 288 3054 scripti
307 2999 366 3040 sunt
384 2991 459 3040 annis
478 2990 578 3040 duobus
597 2992 733 3052 continuis,
754 2998 939 3055 tenueruntque
957 3008 1046 3041 eorum
1065 3005 1192 3041 annorum
1208 2992 1297 3056 priore
1315 2992 1428 3057 quinque
1442 2990 1460 3039 ii
1474 2988 1516 3037 ltc-
1536 3044 1539 3049 .

200 3082 291 3141 mines,
313 3084 356 3146 qui
375 3084 452 3147 primi
471 3092 530 3133 sunt
549 3085 576 3132 in
596 3084 718 3133 laterculo
738 3099 763 3132 n.
779 3084 858 3144 2551,
885 3084 994 3134 eundem
1020 3084 1114 3145 locum,
1139 3099 1214 3149 quern
1241 3092 1301 3149 post
1319 3098 1415 3135 555515
1431 3081 1512 3133 habt*

199 3181 259 3224 runt
278 3176 390 3239 quinque
409 3175 526 3225 homines
545 3177 571 3225 in
591 3175 715 3226 laterculo
735 3177 780 3225 1115
801 3178 919 3241 proxime
938 3178 1131 3241 subsequentes.

277 3264 301 3323 ²)
322 3268 444 3331 vegetius
464 3269 567 3332 quidem
586 3270 679 3332 quinos
699 3269 860 3318 centuriones
879 3270 998 3318 omuibus
1017 3270 1165 3319 cohortibus
1185 3269 1317 3330 adscribit,
1343 3269 1390 3320 scd
1407 3270 1433 3319 15
1447 3280 1475 3317 es
1487 3276 1508 3315 rt

202 3360 299 3424 etipse
319 3360 368 3408 sibi
388 3361 530 3409 5551151155
550 3368 596 3422 551,
623 3377 680 3410 cunr
699 3361 794 3425 legioni
815 3362 903 3411 decem
924 3362 1067 3411 cohortium
1087 3362 1248 3412 centuriones
1267 3362 1313 3412 det
1330 3361 1379 3412 LV
1398 3360 1433 3424 (2,
1445 3358 1459 3407 8
1473 3358 1507 3407 12·
1528 3380 1531 3387 ·

201 3467 223 3499 c.
245 3452 292 3512 253
318 3460 408 3500 eontra
431 3454 458 3501 in
484 3454 676 3517 computatione
700 3455 809 3518 legionis
836 3457 860 3515 2,
882 3453 898 3501 t
923 3455 1085 3505 centuriones
1110 3455 1197 3504 insunt
1226 3460 1326 3505 tantum
1350 3454 1426 3505 modu
1441 3452 1505 3504 tte
1528 3446 1531 3451 ’

201 3543 277 3592 551115
296 3545 449 3594 testimoniis
468 3545 600 3607 refellitur,
628 3547 777 3609 praesertim
796 3547 870 3596 111515
896 3546 1170 3611 15115ρ.23115.51
1193 3548 1298 3598 15511515
1316 3548 1365 3613 pili
1381 3540 1505 3613 postem
1526 3576 1529 3581 -

201 3634 314 3684 cohortis
338 3646 451 3701 quartae.
490 3638 539 3687 Hic
565 3638 633 3687 enim
657 3647 682 3687 et
701 3639 913 3688 Lambaesitanus
938 3655 1016 3703 supra
1039 3641 1134 3689 relatus
1159 3636 1504 3691 15151555511511511555111

201 3727 339 3777 ostendunt
357 3729 439 3792 pilum
457 3731 627 3794 posteriorem
646 3731 743 3780 nullum
763 3731 842 3780 fuisse
861 3733 888 3781 15
909 3731 1124 3796 55115115511515,
1145 3732 1225 3782 fuisse
1244 3733 1273 3783 15
1292 3731 1406 3799 reliquis.

276 3817 301 3872 ⁸)
321 3821 524 3884 Interpolatione
544 3823 698 3871 deteriorum
719 3822 843 3872 librorum
864 3825 885 3872 is
905 3825 986 3874 evasit
1001 3824 1121 3891 princeps
1139 3822 1269 3874 escurrduc.

277 3908 302 3972 ⁴)
322 3913 411 3977 Inepte
431 3915 598 3979 interpolatur
617 3916 672 3964 aius
691 3916 749 3965 luco
769 3916 875 3965 inseruit
895 3917 1010 3965 triurirun
1025 3918 1146 3983 priorem,
1166 3919 1210 3982 qui
1228 3917 1315 3967 551155
1334 3929 1448 3983 umquam
1461 3909 1501 3963 leli·

201 4005 384 4054 Centurionem
409 4006 451 4069 qui
476 4007 572 4055 excidit
595 4008 653 4056 loeo
679 4009 794 4072 quintum
820 4009 898 4058 fuisse
924 4009 984 4059 inde
1001 4010 1164 4060 manifestum
1189 4018 1242 4072 est,
1275 4010 1346 4076 quod
1368 4010 1411 4076 qul
1431 4004 1502 4059 m&

200 4097 294 4147 milites
314 4106 414 4147 centum
434 4098 523 4147 infimo
544 4106 641 4149 tantum
662 4100 717 4149 dari
737 4108 882 4165 potuerunt.

277 4187 300 4250 ⁵)
322 4189 361 4238 01.
382 4191 448 4239 15151
467 4192 518 4240 5115
540 4193 561 4251 1,
579 4193 626 4241 20:
651 4192 677 4240 in
700 4194 784 4258 primu
808 4176 862 4244 acie
879 4202 1023 4261 pererrantes
1040 4195 1178 4263 principes,
1204 4195 1229 4243 iu
1250 4185 1502 4251 reconnaissent&

201 4283 277 4331 tertia
296 4282 385 4331 triarii
402 4281 566 4333 vocabuntur.
606 4286 696 4349 ltaque
721 4301 772 4334 non
792 4286 943 4349 plaudemus
963 4289 1038 4337 docto
1063 4288 1182 4352 scriptori
1208 4287 1332 4339 historiae
1356 4287 1394 4337 rei
1411 4278 1523 4337 miliffl'

200 4375 269 4438 apud
291 4375 423 4425 Romanos
447 4392 471 4440 p.
487 4375 520 4425 88
545 4376 594 4426 hoc
619 4385 706 4426 nostro
731 4379 788 4426 loeo
813 4395 860 4442 pro
884 4388 988 4429 auctore
1013 4380 1133 4430 librarios
1157 4381 1299 4441 incusasti,
1326 4387 1453 4445 practerea
1470 4384 1504 4440 pru

200 4467 289 4516 triario
314 4468 399 4532 priore
424 4482 486 4518 sanc
510 4470 597 4533 inepto
623 4469 784 4520 substituenti
804 4488 855 4521 non
875 4474 957 4535 magis
978 4480 1065 4536 aptum
1086 4474 1264 4538 posteriorem.
1302 4473 1381 4538 Apud
1397 4478 1505 4521 55515111

200 4574 275 4624 quem
305 4561 452 4625 compilarit
478 4563 600 4626 vegetius
629 4576 715 4612 rerum
742 4564 868 4613 invenerit
895 4580 999 4614 necesse
1027 4576 1073 4626 cst,
1104 4582 1161 4615 cum
1190 4566 1245 4630 ipse
1273 4564 1325 4615 sihi
1352 4561 1506 4615 55511ιῶ5111

200 4651 291 4701 5511515
310 4654 392 4717 capite
411 4661 478 4703 recte
497 4655 592 4704 scribat
611 4656 721 4718 primum
742 4657 821 4720 pilum
841 4659 986 4721 promoveri
1006 4658 1089 4707 solere
1103 4673 1134 4707 ex
1154 4659 1238 4722 primu
1258 4658 1374 4723 principa
1391 4654 1496 4721 legionis

276 4742 300 4806 ⁶)
320 4746 389 4796 Nam
408 4747 477 4811 quud
496 4748 532 4796 115
550 4749 702 4797 sumendum
723 4756 761 4797 est
780 4749 898 4799 Taciturn
918 4750 1051 4815 sexaginta
1071 4752 1235 4801 centuriones
1257 4746 1355 4816 legioni
1374 4748 1509 4801 nisenam

199 4836 326 4900 tribuisse,
347 4854 403 4888 cum
424 4855 481 4889 rere
502 4848 586 4890 essent
606 4856 656 4889 uno
676 4842 769 4903 minus,
790 4858 841 4892 non
862 4858 1018 4909 magnopere
1038 4820 1130 4894 5115151.
