3494 5812
148 555 265 604 eat-cai
472 598 474 602 .
659 551 742 609 von.
758 553 797 602 vl
818 549 925 602 PART.
941 552 966 601 1.
1406 529 1478 601 287
1566 543 1569 548 '

148 723 220 783 824
249 725 446 802 fragmentum
477 743 673 783 marmoreum
700 724 730 782 in
757 742 859 782 musco
888 722 1060 799 Capitolino
1087 724 1165 783 inter
1191 723 1308 800 lapidea
1337 743 1355 781 a
1381 720 1480 783 Sartio

192 826 344 885 collectus.

629 1033 667 1080 m.
693 1031 732 1078 aa.
761 1006 1012 1071 vmaemonmi.

627 1134 653 1170 in
668 1131 773 1171 niuniu
791 1129 847 1179 infe
885 1128 960 1172 loni

586 1425 650 1478 niro
672 1423 805 1479 monetali
827 1421 893 1497 (aut
917 1419 1050 1496 capitali)

151 1559 320 1636 Descripsit
341 1559 501 1617 Burmann.

154 1690 209 1715 .-

151 1766 220 1826 825
244 1769 440 1844 fragmentum
464 1767 645 1845 sarcophagi
668 1767 828 1859 marmorei
848 1767 954 1826 aetatis
976 1765 1150 1826 recentioris
1170 1768 1247 1843 apud
1266 1766 1483 1826 Donatuccium

194 1871 421 1944 marmot-arium
444 1874 493 1928 viu
515 1871 562 1928 dul
584 1870 716 1928 Gardello
734 1871 782 1928 25.
1303 1871 1305 1874 ’

735 2045 755 2083 n
878 2045 903 2085 n

705 2145 841 2187 menn
858 2145 864 2185 ι
882 2144 933 2186 na

705 2248 731 2288 n
742 2260 749 2274 ·
762 2247 781 2287 n.
791 2262 797 2275 ·
806 2246 931 2302 nuvium

705 2347 932 2390 neem-aene

653 2453 664 2490 5
707 2448 870 2491 nunaunt
894 2448 934 2490 ·F

156 2590 388 2666 Descripserunt
411 2608 469 2649 von
484 2590 576 2649 Duim
598 2599 628 2648 et
649 2587 794 2662 Schmidt,
817 2589 931 2648 contuli
954 2599 1102 2668 ectypum.

156 2798 227 2856 826
255 2801 292 2857 nd
319 2820 347 2857 n.
367 2798 455 2858 1469.
500 2799 673 2869 Imminuta,
701 2809 733 2858 ut
758 2799 858 2858 desint
881 2818 906 2857 v.
927 2801 951 2855 l.
969 2797 1002 2870 2,
1030 2799 1126 2857 incisa
1146 2798 1177 2856 in
1199 2798 1300 2857 tabula
1322 2815 1489 2857 marmorea

199 2902 262 2957 visa
284 2912 330 2959 est
352 2903 382 2959 in
405 2902 479 2960 villa
495 2901 596 2959 Mattei
620 2898 826 2972 aSacvmnn,
849 2920 927 2959 nunc
949 2907 1033 2960 extat
1055 2901 1084 2959 iu
1107 2899 1369 2960 musaovmicano
1391 2898 1488 2975 (Gall.

200 3003 257 3078 ‘ap'
282 3021 358 3078 Μ’
375 3004 415 3124 Ι,)’
708 3073 906 3118 innomine
929 3088 936 3101 ·

709 3175 837 3216 nvninne
845 3189 852 3203 ·
861 3176 880 3218 C
890 3189 896 3202 ·
905 3175 936 3216 F·

709 3276 912 3319 faticissimvs
928 3290 935 3303 ·

159 3414 325 3492 Descripsi.
363 3415 517 3475 Exhibeat
538 3416 582 3474 sic
602 3415 789 3476 imminutam
806 3413 888 3493 Spon
906 3415 979 3488 2113
1003 3414 1130 3496 Seguier
1144 3417 1243 3476 Paris.
1264 3416 1285 3477 f.
1303 3414 1357 3489 663
1380 3415 1489 3476 Marini

159 3518 259 3576 achad.
275 3517 374 3577 Vatia.

159 3723 230 3786 827
263 3727 430 3803 fragmenta
461 3728 520 3787 tria
549 3729 668 3789 tabulae
698 3747 881 3789 marmoreae
909 3748 1021 3789 corona
1049 3730 1164 3789 cinctae
1191 3730 1305 3790 effossa
1329 3729 1360 3789 in
1386 3728 1491 3790 funda·

201 3829 309 3887 mantis
332 3829 451 3887 aedium
471 3830 601 3890 Mariani
623 3831 662 3890 ud
684 3832 763 3891 viam
786 3832 832 3889 del
859 3832 1008 3903 Quirinum
1029 3842 1060 3890 et
1079 3832 1210 3910 plateam
1233 3830 1265 3894 S.
1286 3831 1430 3892 Bernardi
1452 3830 1492 3889 ad

192 3930 333 4007 ‘thermas
356 3930 548 3992 Diocletiani.

935 4112 951 4151 θ
1016 4109 1063 4150 VM
1088 4107 1212 4151 mantio

1018 4209 1178 4254 ΝΞΤΑΝΙΊΟ
1192 4211 1212 4252 Α

162 5024 180 5061 α
201 5005 251 5061 bc
277 5004 399 5061 exhibet
424 5004 570 5064 Lanciani
600 5005 670 5064 dull.
700 5007 777 5066 arch.
806 5023 874 5065 cota.
900 4992 978 5066 1877
1006 5007 1129 5084 p.168;
1163 5025 1216 5067 ue
1242 5006 1365 5068 Fioreili
1394 5012 1496 5069 notizie

166 5107 243 5164 1877
267 5126 295 5183 p.
312 5105 387 5177 2683
409 5107 459 5164 ab
481 5107 562 5166 dedit
584 5106 672 5166 etiam
696 5107 821 5167 Bruzza.

204 5207 386 5266 Lancianius
409 5209 499 5267 ctiam
522 5228 537 5265 c
558 5209 595 5267 ad
617 5210 751 5269 tabulam
773 5211 897 5271 eandem
920 5195 1068 5289 pertinere
1090 5210 1227 5272 affirmat.

1229 5313 1291 5372 20*
