3474 5812
375 454 449 525 486
835 476 987 527 annixu
1014 477 1250 528 rourrmnxn

372 658 488 725 gratum
515 667 562 706 me
589 649 736 708 facturum
762 657 835 728 puto
862 652 889 708 si
915 669 990 727 quae
1017 651 1054 709 de
1075 652 1154 709 antri
1175 651 1303 710 historia
1323 658 1353 708 et
1374 659 1481 709 natura
1501 651 1581 709 lama
1602 668 1706 728 popu·

371 751 434 809 lum
461 759 561 810 teneat
587 770 754 810 narravero.
799 751 934 812 Credunt
961 763 1058 812 autem
1087 754 1251 829 antiquitus
1278 751 1436 811 Herculem
1466 770 1566 829 regem
1595 761 1706 829 poten-

373 853 522 911 tissimum
545 873 611 912 cum
633 855 699 930 ipse
722 854 753 911 in
774 855 835 913 alia
855 854 923 914 loca
944 858 1085 933 migraret
1106 855 1241 930 ingentes
1264 873 1334 914 suas
1357 855 1477 913 divitias
1497 856 1560 914 illic
1578 855 1705 915 relictas

372 956 508 1014 daemoni
536 955 652 1014 cuidam
680 957 889 1016 custodiendas
917 957 1091 1028 tradidisse,
1119 957 1165 1014 cui
1192 956 1291 1015 media
1311 964 1398 1015 nocte
1419 957 1586 1015 hominibus
1608 957 1704 1016 aliam

371 1057 440 1114 aliis
476 1059 612 1135 corporis
644 1058 771 1117 formam
804 1060 907 1117 induto
940 1058 1034 1117 oculis
1067 1059 1238 1118 ardentibus
1271 1078 1442 1136 comparere
1474 1059 1575 1118 datum
1607 1069 1702 1118 esset.

372 1156 497 1218 Summa
517 1172 614 1218 autem
636 1160 792 1236 diligentia
813 1179 880 1218 eum
903 1161 1020 1238 vigilias
1043 1179 1146 1237 agere,
1168 1180 1234 1219 cum
1257 1163 1283 1219 si
1305 1161 1352 1220 cni
1375 1162 1546 1220 thesaurum
1569 1162 1703 1239 diripere

371 1262 559 1339 contigisset,
587 1263 645 1336 ipsi
672 1263 764 1321 fatum
790 1279 872 1321 esset
893 1264 1044 1341 exstingui
1066 1276 1096 1322 et
1119 1265 1156 1321 ad
1177 1264 1304 1322 nihilum
1325 1263 1466 1322 recidere.
1510 1262 1704 1340 Quicumque

371 1383 442 1421 vero
465 1374 564 1422 tautae
585 1365 628 1422 rei
651 1365 812 1441 periculum
834 1366 954 1423 fecisset
976 1367 1002 1424 si
1024 1366 1062 1423 ad
1084 1367 1182 1440 ipsum
1200 1384 1259 1441 quo
1275 1365 1397 1424 divitiae
1411 1365 1579 1424 reconditae
1593 1375 1704 1425 essent

369 1464 467 1523 locum
494 1467 692 1543 pervenisset,
720 1469 747 1525 ei
773 1468 847 1525 duas
875 1469 1001 1545 proponi
1026 1486 1111 1526 arcas
1137 1468 1234 1526 lorma
1254 1470 1332 1527 inter
1354 1486 1387 1526 se
1409 1467 1576 1527 simillimas
1599 1468 1702 1547 optio-

370 1585 496 1642 nemque
518 1569 583 1626 dari
605 1578 700 1627 utram
722 1571 831 1646 aperiri
854 1570 959 1639 vellet3
987 1570 1094 1646 quodsi
1116 1570 1239 1628 alteram
1263 1569 1474 1645 significasset,
1500 1570 1530 1628 in
1552 1588 1611 1646 qua
1632 1571 1702 1630 the·

370 1687 477 1729 saurus
500 1690 559 1728 non
582 1681 669 1743 esset,
692 1670 760 1728 ilico
782 1671 886 1748 ingens
909 1671 1127 1730 mortiferarum
1148 1682 1336 1730 monstrosae
1354 1673 1566 1748 magnitudinis
1579 1690 1700 1731 musca·

369 1790 435 1830 rum
456 1791 582 1831 examen
604 1774 763 1846 exiturum,
786 1792 863 1848 quae
886 1782 915 1830 et
935 1774 1031 1850 ipsum
1052 1782 1082 1831 et
1100 1792 1203 1832 omnes
1218 1775 1281 1832 eins
1296 1774 1427 1852 regionis
1443 1774 1557 1833 incolas
1573 1792 1701 1851 pessum

370 1873 468 1931 daret:
496 1874 641 1932 interdum
669 1877 768 1952 ipsum
796 1876 934 1934 bombum
963 1877 1180 1951 stridoremque
1207 1894 1377 1934 muscarum
1404 1896 1442 1934 cx
1469 1877 1545 1934 antri
1572 1876 1700 1934 latebris

368 1975 480 2052 percipi
502 1987 530 2033 et
551 1977 657 2034 audiri.
703 1975 788 2050 Quae
808 1978 911 2036 fabula
932 1979 969 2035 ad
991 1979 1070 2036 hunc
1091 1996 1186 2053 usque
1209 1979 1287 2036 diem
1310 1979 1430 2037 obtinet.

452 2078 632 2152 Pomptillae
658 2080 786 2154 sepulcri
810 2080 1021 2155 inscriptiones
1044 2091 1203 2156 antequam
1226 2099 1375 2155 propono,
1401 2081 1570 2138 adscribere
1595 2082 1700 2140 visum

368 2187 416 2262 est
437 2181 618 2255 epigramma
637 2182 698 2240 lere
717 2183 841 2256 aequale
857 2190 886 2239 et
901 2183 998 2256 ipsum
1013 2182 1082 2240 vivo
1097 2201 1171 2240 saxo
1187 2182 1365 2259 insculptum
1380 2183 1412 2240 in
1427 2183 1566 2259 contiguo
1582 2194 1614 2240 ut
1629 2182 1700 2241 dixi

368 2281 483 2357 Berylli
504 2283 680 2355 conditorio,
702 2283 782 2358 qnod
798 2293 825 2340 et
840 2284 935 2360 ipsum
957 2284 1057 2341 tabula
1078 2291 1291 2360 repraesentat.
1328 2285 1360 2342 Is
1383 2283 1487 2342 titulus
1509 2284 1578 2342 licet
1599 2285 1701 2344 cuivis

368 2393 469 2460 pateat
483 2385 638 2462 expositus
653 2385 683 2443 in
697 2385 765 2443 loco
780 2385 855 2443 satis
871 2385 991 2455 celebri,
1014 2385 1207 2444 nihilominus
1229 2405 1294 2443 curn
1317 2386 1396 2444 lectu
1415 2386 1546 2444 difficilis
1569 2388 1619 2456 sit,
1641 2388 1700 2445 ad·

368 2487 425 2544 huc
439 2486 568 2546 ineditus
585 2487 704 2545 mansit.
740 2485 828 2562 Legit
843 2507 908 2545 enm
925 2489 1036 2562 primus
1056 2489 1108 2562 qui
1128 2497 1196 2545 ante
1219 2489 1333 2564 aliquot
1353 2506 1449 2546 annos
1467 2486 1597 2546 Calarim
1621 2490 1702 2547 adiit

368 2586 518 2646 Henricus
540 2587 704 2660 Nissenus3
734 2599 803 2663 post
831 2609 897 2647 eum
926 2608 983 2666 ego
1010 2599 1121 2666 quanta
1148 2590 1229 2665 potui
1257 2609 1328 2648 cura
1355 2609 1422 2648 eum
1451 2590 1568 2666 excepi3
1598 2611 1701 2668 nuper

367 2689 572 2750 Mommsenus
601 2691 715 2750 nostris
744 2691 888 2767 exemplis
915 2709 986 2750 usus
1015 2700 1108 2749 totum
1137 2710 1203 2749 eum
1231 2691 1389 2767 expedivit.
1438 2691 1495 2749 Est
1520 2703 1621 2752 autem
1649 2694 1701 2753 sic

367 2801 539 2868 conceptus:

657 2891 762 2996 Π
1334 2932 1538 2974 nen-run

795 3035 814 3074 r
836 3034 865 3074 vr
952 3017 1012 3056 “³⁶-
1056 3036 1174 3076 ssxutn
1236 3017 1295 3058 “edl-
1334 3034 1453 3075 ssxxttt
1469 3034 1570 3076 rxrrs

957 3104 1006 3140 cula
1241 3103 1289 3141 cula

797 3122 865 3177 rull
1052 3136 1178 3189 ponaris

678 3183 739 3222 nedi-
931 3202 1034 3218 —
1216 3202 1318 3215 ...-

683 3269 732 3306 cura
772 3255 941 3296 ssltxttvs
964 3255 996 3298 SE
1018 3257 1083 3299 ervo
1107 3256 1452 3299 TEnPtvto·sscux1TAT1
1475 3256 1550 3298 SVAE

487 3360 505 3400 T
528 3358 630 3400 VlNIVS
772 3355 825 3397 Srsl
857 3356 940 3399 FECl'l'
1020 3358 1224 3415 PosTsxtsts
1268 3357 1329 3401 SVIS

366 3647 427 3708 Sub
451 3668 486 3707 eo
508 3648 593 3706 titulo
615 3649 722 3708 litteris
746 3651 811 3707 aevi
835 3652 981 3727 sequioris
1004 3653 1078 3712 alter
1100 3655 1228 3729 scriptus
1251 3662 1296 3712 est
1318 3655 1378 3711 hic:

983 3855 1003 3895 n
1046 3858 1070 3897 u

837 3958 1012 3999 versurus
1039 3958 1130 4013 ομ
1156 3960 1215 4000 vrx

838 4059 932 4101 anuis
947 4061 1025 4101 xxxx
1040 4059 1146 4103 corner
1160 4063 1176 4102 a
1191 4064 1216 4104 u

860 4162 996 4204 nunnus
1018 4162 1103 4204 sectr

363 4331 411 4390 De
439 4333 476 4390 iis
499 4334 549 4408 qui
572 4333 752 4408 Pomptillae
774 4332 877 4389 titulos
899 4339 968 4389 ante
990 4350 1034 4388 me
1058 4332 1280 4409 descripserunt
1300 4333 1492 4391 edideruntve
1515 4334 1558 4391 sic
1581 4334 1620 4391 ad
1643 4355 1696 4394 me

364 4433 483 4508 scripsit
504 4433 722 4491 Mommsenus:

445 4530 504 4592 ‘'l'n
526 4537 668 4609 quoniam
691 4535 751 4593 scis
775 4556 867 4613 nuper
889 4555 935 4592 me
957 4536 1077 4612 egregio
1100 4547 1150 4592 tuo
1173 4537 1320 4595 adiutorio
1343 4537 1389 4594 vel
1405 4538 1533 4595 maxime
1550 4540 1696 4600 subleva-

363 4644 423 4693 tum
451 4637 620 4694 thesaurum
644 4637 803 4696 Sardarum
832 4638 1058 4714 inscriptionum
1087 4646 1227 4713 quantum
1254 4640 1317 4696 fieri
1344 4647 1444 4716 potest
1469 4641 1695 4716 amplissimum

363 4739 567 4812 composuisse
588 4739 733 4796 edendum
756 4739 915 4815 aliquando
941 4740 971 4796 in
995 4737 1137 4813 Corporis
1157 4741 1384 4817 inscriptionum
1407 4741 1581 4800 Latinarum
1603 4745 1697 4805 volu·

363 4840 443 4898 mine
472 4840 600 4909 decimo,
632 4841 691 4898 iarn
720 4843 823 4900 horum
852 4842 1002 4899 titulorurn
1031 4842 1245 4918 descriptorum
1274 4843 1476 4920 editorumque
1505 4847 1640 4903 ordinem
1673 4868 1696 4905 a

362 4961 410 4999 me
431 4942 577 5018 explicari
599 4942 735 5014 voluisti,
764 4954 796 5001 nt
818 4954 875 5002 tarn
898 4953 948 5001 tua
969 4944 1023 5001 tibi
1046 4944 1170 5002 referam
1192 4964 1281 5021 quarn
1304 4947 1364 5003 alia
1386 4965 1504 5022 qnoque
1525 4947 1694 5025 adiungam

363 5043 533 5102 fortassee
554 5064 600 5102 me
622 5045 731 5103 addita.
775 5046 814 5102 Et
835 5047 947 5120 primus
970 5046 1103 5120 quidem,
1127 5049 1178 5122 qni
1201 5049 1296 5124 ipsius
1318 5061 1396 5106 certe
1418 5048 1544 5122 sepulcri
1567 5049 1693 5110 titulum
1729 5045 1734 5059 ⁸

363 5147 501 5205 maximis
528 5146 636 5206 litteris
662 5148 858 5224 perscriptum
884 5158 914 5206 et
939 5149 1033 5206 cuivis
1057 5149 1248 5225 perspicuum
1270 5152 1391 5223 reserat,
1415 5149 1565 5208 Carmena
1587 5162 1698 5214 vester
