3474 5812
494 495 756 547 nronvnmarvu
782 492 1062 546 osnaainnuvnr.
1365 469 1438 541 487

115 682 160 727 441
186 690 224 728 ex
246 687 355 745 genere
376 669 428 727 illo
450 677 642 748 nugatorum,
669 669 720 746 qui
741 670 821 745 apud
845 687 898 726 vos
921 669 1041 727 saeculo
1064 666 1327 743 decimoseptimo
1350 665 1441 722 abun·

114 771 236 842 dabant,
259 772 362 848 pietati
385 773 481 848 magis
503 791 591 848 quam
615 772 732 830 veritati
755 770 919 829 deditorum
941 788 1075 847 quosque
1097 769 1197 829 nullus
1219 767 1345 843 b(0nao)
1367 765 1441 840 nr(e-

114 873 240 947 moriae)
264 873 399 931 mortalis
426 873 539 950 effugit,
567 874 638 950 quin
664 879 694 933 vi
721 882 842 932 coactus
869 873 1009 931 evaderet
1035 871 1170 948 b(eatus)
1196 868 1348 947 m(artyr),
1377 868 1442 944 qui·

115 993 173 1050 que
198 976 272 1033 adeo
301 975 418 1033 Marcos
445 994 563 1052 quoque
589 995 649 1035 uon
676 994 789 1052 paucos
817 984 976 1052 martyres,
991 975 1076 1053 licet
1101 993 1160 1032 non
1186 973 1306 1043 beatos,
1327 967 1442 1029 'vellent

116 1077 231 1135 nollent
256 1077 320 1134 fieri
345 1089 511 1154 coegerunt.
555 1078 589 1136 Is
611 1078 641 1135 iu
663 1077 853 1136 collectaneis
875 1077 912 1134 de
933 1077 1114 1154 martyribus
1136 1074 1253 1134 insulae
1275 1071 1442 1145 Sardiniae,

116 1199 193 1256 quae
219 1179 339 1253 scripsit
365 1199 390 1236 a.
410 1180 498 1251 1631,
525 1188 626 1239 servat
651 1179 741 1237 hodie
766 1179 946 1238 bibliotheca
972 1189 1072 1238 vestra
1092 1177 1253 1248 Bailliana‚
1280 1176 1300 1233 f.
1317 1173 1365 1233 40'
1386 1175 1441 1233 sub

115 1282 347 1358 praescriptione
367 1277 476 1340 ‘Calari
498 1283 527 1338 in
550 1282 645 1358 cripta
667 1289 837 1358 serpentum
859 1279 915 1341 SS.
932 1281 1035 1351 Atilia,
1057 1280 1210 1356 Pompilia
1229 1288 1259 1336 et
1273 1271 1442 1336 Benedicta’

116 1382 232 1440 titulum
261 1384 343 1441 illum
370 1385 412 1441 ita
441 1385 576 1442 exhibet:
609 1397 755 1442 aemonia
776 1399 886 1441 ariane
908 1398 1062 1441 ronanus
1082 1400 1105 1440 s
1126 1395 1308 1440 ssueurcre
1330 1380 1441 1449 aaa,

115 1485 164 1542 ubi
192 1485 270 1560 quod
297 1485 426 1560 optimae
452 1486 580 1545 feminae
607 1505 714 1544 nomen
741 1486 856 1543 leuibus
879 1485 982 1543 naevis
1005 1484 1142 1544 affectum
1164 1494 1221 1553 est,
1248 1483 1332 1560 largo
1354 1482 1441 1539 bene·

115 1587 182 1644 ficio
206 1597 414 1663 compensatur
435 1607 494 1664 quo
516 1608 535 1647 a
555 1607 689 1667 paganae
712 1588 935 1665 superstitionis
957 1587 1082 1645 maculis
1104 1596 1230 1663 purgata
1253 1585 1313 1643 iam
1338 1593 1443 1642 saucta

115 1699 229 1765 martyr
255 1689 392 1766 splendet
417 1692 548 1767 adeoque
570 1689 721 1768 Geryonis
745 1690 842 1747 instar
863 1688 1007 1747 triformis
1030 1687 1141 1748 Sancta
1161 1688 1259 1746 Atilia
1279 1695 1309 1745 et
1332 1685 1443 1746 Sancta

115 1790 266 1868 Pompilio
288 1800 316 1849 et
332 1791 442 1851 Sancta
456 1792 628 1852 Benedicta.
662 1793 783 1851 Primus
806 1799 904 1849 autem
926 1792 977 1866 qui
999 1790 1102 1849 titulos
1125 1789 1251 1849 ediderit
1271 1807 1349 1847 anno
1363 1788 1442 1846 1740

115 1893 296 1950 Muratorius
325 1903 372 1952 est
404 1895 498 1966 1638,
526 1896 558 1966 4,
591 1905 729 1970 acceptos
757 1902 790 1951 ut
818 1893 948 1969 reliquos
978 1892 1092 1953 Sardos
1120 1893 1157 1950 ab
1185 1889 1314 1968 losepho
1341 1889 1442 1948 Danio

115 1994 316 2052 iureconsulto
339 1995 527 2055 Taurinensi.
571 1997 701 2055 Protulit
726 1997 753 2054 is
780 1997 995 2073 epigrammata
1020 1994 1129 2053 Latina
1154 1995 1309 2070 pleraque,
1337 2011 1443 2069 nempe

116 2117 144 2153 n.
167 2099 192 2153 l.
215 2095 242 2152 2.
265 2097 291 2153 3.
315 2097 342 2154 4.
364 2098 391 2154 7.
413 2097 442 2156 8.
465 2099 512 2157 13.
534 2099 586 2171 14,
614 2097 798 2157 Graecorum
826 2119 854 2156 n.
876 2100 903 2157 5.
926 2099 944 2157 9
972 2116 1069 2174 pauca
1093 2106 1206 2155 tantum
1234 2107 1264 2155 et
1289 2114 1366 2172 quae
1392 2095 1443 2152 vix

116 2198 309 2256 cohaererent
335 2199 471 2275 vestigia.
520 2200 568 2258 Ex
594 2199 757 2258 Muratorio
785 2201 858 2258 haec
886 2202 1086 2277 repetiverunt
1113 2199 1353 2274 anthologiarum
1382 2197 1444 2255 edi·

116 2310 195 2357 tores
217 2300 407 2359 Burmannus
423 2301 477 2374 lV,
494 2303 532 2361 90
555 2310 584 2360 41
606 2302 709 2379 Meyer
731 2322 758 2359 u.
778 2301 866 2359 1227.
903 2302 980 2361 Eum
1003 2309 1123 2360 secutus
1141 2299 1324 2360 Stelaniuius
1346 2308 1445 2357 vester

116 2402 244 2460 orationi
269 2403 306 2461 dc
333 2404 482 2462 veteribus
506 2403 663 2464 Sardiniae
685 2403 825 2462 laudibus
848 2404 959 2480 (1773)
981 2403 1342 2479 inseruitepigrammata
1366 2404 1391 2459 l.
1414 2400 1442 2458 2.

117 2506 144 2562 3.
168 2506 196 2562 4.
219 2505 247 2562 7.
271 2505 299 2561 8.
323 2503 369 2561 12.
395 2508 441 2564 13.
464 2507 501 2563 14
529 2505 640 2564 Latina
664 2507 777 2578 omnia,
806 2505 924 2565 Graeca
946 2524 1006 2563 uon
1036 2505 1142 2581 attigit.
1187 2503 1301 2562 Nostra
1325 2505 1442 2562 demum

116 2614 211 2663 aetate
238 2606 415 2681 Alphonsus
449 2607 529 2666 della
554 2608 705 2667 Marmora
736 2609 871 2667 tabulato
902 2608 982 2667 facto
1010 2628 1037 2666 a.
1061 2607 1138 2666 1839
1169 2607 1273 2665 titulos
1301 2625 1339 2664 ex
1367 2623 1443 2664 saxo

116 2707 275 2782 descripsit
307 2718 337 2766 et
369 2710 399 2766 in
432 2711 532 2785 operis
566 2730 673 2788 voyupe
703 2712 737 2768 de
769 2711 799 2767 lu
829 2710 990 2786 Sardaipaa
1021 2710 1173 2768 volumine
1207 2709 1301 2767 altero
1332 2706 1443 2783 (1840)

120 2830 150 2886 p.
166 2810 226 2868 486
249 2831 278 2868 n.
295 2809 334 2868 52
363 2810 446 2886 (item
468 2811 499 2868 in
521 2812 624 2870 tabula
648 2833 677 2871 ιι.
694 2812 747 2888 35)
774 2813 876 2870 titulos
898 2812 1023 2870 Latinos
1049 2828 1152 2870 omnes
1176 2811 1219 2887 (n.
1239 2813 1264 2868 1.
1280 2809 1308 2868 2.
1325 2810 1353 2867 3.
1368 2810 1397 2867 4.
1415 2810 1443 2868 7.

116 2912 144 2969 8.
169 2911 214 2968 12.
240 2913 286 2969 13.
310 2913 365 2987 14)
392 2915 628 2989 repraesentavit
652 2926 683 2972 41
709 2933 747 2972 ex
775 2912 901 2973 Graecis
928 2935 957 2972 n.
977 2917 1005 2973 5.
1029 2915 1057 2972 0.
1082 2914 1098 2973 9
1125 2914 1183 2984 ita,
1212 2923 1245 2970 ut
1271 2912 1327 2970 viri
1354 2912 1443 2982 docti,

117 3015 292 3090 praesertim
322 3013 422 3073 Lebas
451 3015 531 3092 apud
561 3017 659 3092 ipsum
688 3016 868 3074 Marmoram
898 3017 917 3073 l.
942 3036 966 3074 c.
996 3037 1024 3092 p.
1047 3015 1108 3074 570
1120 3032 1184 3091 seq.
1212 3024 1242 3074 et
1268 3014 1444 3071 Welckerus

116 3126 218 3174 noster
239 3116 319 3174 Mus.
342 3117 437 3175 Rhen.
460 3115 499 3175 N.
521 3114 552 3176 S.
577 3116 611 3188 6,
632 3117 685 3190 90,
713 3118 818 3176 deinde
840 3118 986 3176 Franzius
1009 3115 1085 3176 (1.1.
1103 3114 1156 3175 Gr.
1175 3116 1254 3176 5759
1282 3124 1311 3175 41
1336 3132 1444 3190 nuper·

116 3219 188 3275 rime
211 3218 369 3277 Kaibelius
391 3219 422 3277 in
445 3217 570 3278 Graecis
593 3220 815 3296 epigrammatis
837 3241 867 3278 n.
883 3220 942 3278 547
966 3237 1017 3277 eos
1045 3218 1232 3294 aliquatenus
1258 3217 1442 3294 expedirent.

117 3317 177 3378 Sed
207 3328 305 3378 tamen
333 3329 362 3379 et
390 3323 489 3399 ipsum
519 3331 588 3380 tuae
617 3322 786 3398 diligentiae
816 3341 876 3379 non
902 3340 997 3398 pauca
1024 3320 1181 3395 reliquisse
1209 3340 1304 3397 neque
1332 3319 1445 3377 frustra

116 3440 171 3479 nos
194 3423 272 3480 domi
296 3432 377 3494 tuae,
404 3432 436 3481 ut
457 3426 628 3497 recordare,
654 3425 685 3483 in
707 3424 817 3482 chartis
838 3424 1024 3500 explicandis
1045 3423 1243 3499 ductibusque
1264 3421 1444 3498 fugientibus

116 3527 326 3601 recuperandis
354 3545 407 3601 per
431 3527 521 3585 horas
544 3546 602 3584 nou
626 3543 738 3602 paucas
760 3525 960 3584 elaboravisse
982 3525 1155 3601 intellegent
1176 3525 1281 3602 opinor
1302 3524 1352 3600 qui
1374 3532 1444 3600 post

115 3644 171 3684 nos
199 3627 273 3684 haec
300 3629 510 3687 retractabunt.
555 3627 615 3688 Sed
639 3628 696 3686 hoc
718 3636 750 3685 ut
770 3628 872 3705 perfici
895 3629 1038 3704 potuerit,
1064 3628 1095 3686 id
1117 3627 1168 3685 uni
1189 3626 1333 3685 Fiorellio
1357 3627 1444 3685 debs·

116 3746 198 3798 mus;
228 3730 253 3785 is
281 3730 358 3786 enim
385 3749 450 3787 cum
478 3730 618 3805 precibus
644 3749 711 3788 eum
738 3731 893 3802 adiissem,
920 3749 956 3789 ne
979 3729 1124 3788 eiusmodi
1145 3728 1343 3788 monumentis
1364 3740 1444 3786 recte

118 3830 277 3905 descriptis
300 3832 416 3909 sylloge
438 3841 542 3890 nostra
564 3840 686 3904 careret,
709 3833 872 3891 tabulatum
893 3832 959 3890 fieri
980 3833 1068 3891 iussit
1089 3831 1126 3888 ad
1141 3839 1248 3908 ectypa
1262 3830 1445 3890 conficienda

115 3932 332 4003 necessarium,
359 3944 447 4009 atque
473 3953 509 3990 eo
536 3945 655 3993 auctore
681 3943 733 3991 tua
748 3952 824 3993 ¹cura
844 3952 1001 4012 gnaraque
1022 3934 1170 3993 industria
1190 3933 1285 3992 titulis
1308 3933 1444 3992 omnihus

116 4035 219 4092 charta
244 4035 364 4093 madida
390 4036 523 4112 exceptis
550 4036 598 4094 his
625 4037 739 4113 ectypis
766 4036 813 4094 usi
840 4056 902 4093 rem
924 4054 983 4094 nou
1006 4036 1097 4094 semel
1119 4043 1291 4113 temptatam
1313 4036 1355 4093 ita
1380 4053 1444 4111 per·

115 4136 256 4206 fecimus,
290 4145 321 4195 ut
349 4139 405 4196 etsi
434 4138 553 4216 ingenio
580 4139 779 4215 posteriorum
808 4156 929 4215 campus
957 4138 1005 4196 hic
1031 4156 1148 4215 quoquc
1177 4137 1256 4196 latus
1284 4147 1444 4208 remaneat,

116 4238 210 4296 oculis
233 4258 334 4297 eorum
357 4240 408 4297 vix
430 4242 587 4316 quicquam
609 4241 746 4299 relictum
766 4258 834 4299 esse
856 4241 1049 4300 confidamus.

197 4338 257 4399 ‘De
283 4351 456 4417 argumento
479 4342 632 4400 titulorum
655 4344 735 4420 quod
756 4362 891 4419 promam
914 4342 1050 4418 equidem
1072 4343 1124 4401 uix
1146 4343 1257 4413 habeo,
1284 4351 1444 4419 postquam

118 4443 146 4500 in
170 4443 245 4519 ipsis
268 4444 449 4502 carminibus
472 4445 630 4519 explendis
652 4445 739 4503 amici
762 4447 818 4503 mei
843 4446 996 4521 utriusque
1018 4446 1137 4521 linguae
1153 4445 1240 4521 periti
1257 4462 1378 4522 operam
1392 4463 1445 4521 po-

118 4555 250 4602 suerunt.
292 4545 355 4604 Neo
376 4547 475 4603 mariti
497 4546 537 4605 M.
561 4544 660 4604 Cassii
682 4546 814 4623 Philippi
836 4568 890 4606 nec
912 4547 1043 4606 mulieris
1066 4548 1178 4605 Atiliae
1199 4545 1234 4603 L.
1257 4546 1279 4604 s.
1302 4546 1444 4624 Pomptil-

117 4646 165 4704 lae
187 4647 259 4704 alibi
282 4647 373 4705 ullam
396 4648 568 4705 memoriam
592 4650 724 4726 repper13
747 4668 820 4707 casu
841 4649 917 4707 enim
940 4650 1050 4708 factum
1073 4660 1128 4720 est,
1151 4649 1230 4726 quod
1253 4648 1353 4708 Cassii
1372 4648 1445 4706 Phi-

116 4749 190 4825 lippi
213 4749 318 4807 medici
343 4769 450 4808 nomen
473 4751 549 4809 redit
570 4751 601 4809 in
625 4751 712 4810 titulo
725 4751 906 4810 Emeriteusi
930 4749 979 4827 (C.
1001 4752 1103 4809 volll
1120 4750 1245 4826 n.497).
1283 4751 1446 4828 Pomptilla

115 4869 182 4907 cum
207 4852 237 4908 iu
262 4853 332 4908 urbo
354 4853 450 4910 Roma
472 4862 542 4910 nata
565 4853 639 4929 (lll,
659 4854 690 4928 1)
711 4872 818 4930 graves
840 4872 928 4912 casus
951 4853 1086 4930 coniugis
1106 4854 1138 4912 in
1161 4852 1330 4913 Sardiniam
1353 4871 1446 4929 usque

116 4954 257 5011 comitata
280 4953 319 5011 sit
340 4953 413 5028 (Ill,
431 4956 456 5010 1.
479 4954 532 5023 IV,
553 4954 600 5030 3),
626 4956 717 5014 habet
738 4956 867 5033 speciem
888 4956 951 5014 veri
971 4957 1109 5015 maritum
1132 4957 1171 5015 ob
1193 4956 1302 5016 crimen
1324 4954 1446 5031 aliquod

114 5057 145 5113 in
168 5053 307 5114 Sardinia
332 5056 484 5126 exulasse3
513 5057 566 5115 sed
592 5076 688 5134 neque
711 5057 742 5116 id
763 5069 876 5117 certum
898 5067 945 5116 est
966 5077 1077 5135 neque,
1106 5058 1245 5130 sileret,
1271 5064 1351 5117 recte
1374 5055 1446 5114 iude

115 5156 269 5235 colligitur
289 5157 461 5234 Philippum
488 5160 639 5220 senatorio
662 5159 731 5220 luco
753 5161 854 5221 luisse.
897 5161 1020 5222 Vixisse
1041 5161 1184 5240 coniuges
1204 5159 1236 5221 in
1256 5157 1445 5221 maimanis
