3494 5812
209 460 287 529 510
676 477 887 529 8181118811
912 477 1072 530 muravit

208 651 239 708 in
262 670 323 726 qua
344 651 533 721 meruissent,
562 651 763 710 demonstravi
787 649 821 711 C.
837 651 861 709 1.
877 650 912 708 L.
934 652 993 712 vol.
1009 651 1056 709 111
1076 671 1105 729 p.
1121 649 1207 725 916),
1230 660 1290 708 1881
1314 671 1351 708 ex
1373 650 1542 709 cohortium

209 754 382 812 nominibus
404 772 481 829 quae
502 754 532 810 18
554 772 623 811 8818
644 762 812 829 supersunt.
848 752 928 813 Nam
944 753 1077 829 diploma
1091 771 1117 810 8.
1133 752 1190 811 167
1206 751 1256 826 (C.
1269 753 1294 810 Ι.
1306 751 1341 810 L.
1358 751 1406 810 III
1422 773 1451 829 p.
1464 750 1542 826 888)

208 854 239 912 in
256 856 387 914 exercitu
403 857 466 914 eius
482 857 654 931 provinciae
669 865 698 913 et
713 855 864 914 Thracum
880 856 1018 914 cohortes
1034 864 1094 913 tres
1108 865 1274 921 enumerat,
1290 852 1402 913 scilicet
1416 855 1431 913 Ι
1444 855 1544 913 Thra·

209 975 277 1014 cum
301 944 512 1018 Germanicam
534 959 642 1017 8111881
664 959 878 1029 Romanorum,
900 957 915 1014 l
936 960 1106 1034 Augustam
1128 957 1290 1028 Thracum,
1315 957 1347 1015 II
1369 960 1542 1032 Augustam

209 1033 817 1136 ’1818888881888811818111181881881
840 1060 1016 1136 peditatam3
1039 1060 1190 1119 cohortem
1214 1068 1313 1117 autem
1334 1059 1462 1136 primam
1484 1059 1543 1117 rni-

207 1160 323 1219 liariam
346 1162 583 1221 Hemesenorum
606 1162 913 1221 88181888181886818
936 1162 1108 1239 provinciae
1130 1162 1208 1220 tituli
1233 1180 1293 1219 non
1318 1162 1404 1236 pauci
1427 1161 1543 1218 saeculi

208 1264 288 1322 tertii
311 1263 424 1340 (0.111
446 1285 473 1323 n.
492 1264 582 1324 3328.
600 1265 690 1323 3331.
707 1265 803 1333 33343
826 1265 904 1341 pr.
924 1263 1015 1340 epigr.
1037 1263 1069 1321 11
1088 1284 1116 1321 11.
1133 1264 1203 1321 595.
1225 1263 1295 1322 596.
1311 1262 1381 1322 598.
1399 1262 1482 1338 600).
1501 1294 1542 1305 -

208 1363 316 1441 Legati
338 1367 403 1424 eius
427 1366 597 1440 provinciae
616 1366 774 1441 Pomponii
798 1366 976 1441 (cognomen
997 1364 1160 1439 intercidit)
1184 1365 1256 1425 alibi
1279 1366 1456 1424 mentionem
1477 1384 1544 1424 uon

208 1466 319 1525 iuveni.

252 1566 312 1628 Sed
334 1587 411 1646 quae
431 1579 587 1648 praeterea
612 1574 643 1628 18
670 1589 737 1631 aere
764 1571 953 1647 reperiuntur
974 1589 1040 1629 cum
1062 1580 1116 1629 aut
1136 1569 1272 1647 vulgaria
1293 1569 1354 1628 sint
1364 1569 1392 1645 ¹)
1414 1578 1465 1628 aut
1486 1570 1543 1628 ob·

209 1689 309 1743 88818,
336 1690 452 1731 comma
478 1690 537 1747 quo
564 1672 750 1750 privilegium
778 1673 878 1731 finitur
904 1672 1023 1731 minime
1051 1672 1175 1748 vulgare
1200 1681 1246 1732 est
1271 1671 1544 1732 88818118888118

209 1774 384 1846 8118881881,
417 1785 448 1831 81
478 1774 515 1832 68
546 1775 747 1851 explicatione
774 1774 992 1850 desperandum
1021 1774 1069 1832 sit.
1118 1771 1239 1832 Scilicet
1266 1792 1333 1831 cum
1358 1773 1541 1850 principium

209 1876 415 1953 dispositionis
445 1877 483 1933 ad
512 1877 634 1935 verbum
664 1877 842 1953 respondeat
868 1876 1033 1954 privilegiis
1068 1877 1105 1934 iis
1136 1894 1213 1951 quae
1240 1876 1413 1953 peregrinae
1439 1875 1543 1933 condi-

208 1978 302 2039 cionis
328 1978 472 2037 militibus
501 1978 734 2057 provincialibus
762 1979 799 2036 ab
826 1997 853 2036 8.
876 1979 935 2037 154
961 1978 1028 2038 1868
1056 1979 1294 2037 concedebantur
1315 1976 1364 2053 (0.
1387 1977 1411 2036 1.
1432 1976 1468 2036 L.
1491 1977 1542 2036 ΙΙΙ

208 2099 238 2156 p.
255 2080 340 2156 907),
364 2081 512 2140 clausula:

972 2302 1140 2345 rannessa

611 2403 861 2447 oscvatottvm
884 2404 923 2445 ΕΤ
945 2403 1129 2447 CENTVRIO

613 2519 621 2546 1
651 2506 786 2549 Psovtnc
818 2506 854 2548 ΕΧ
887 2505 920 2548 SE
952 2505 1139 2549 PROCREATIS

611 2607 681 2649 taut
704 2606 817 2650 ESSENT

209 2814 288 2853 nuuc
306 2796 434 2872 primum
457 2795 590 2871 emergit.
626 2792 733 2870 Neque
754 2795 785 2852 id
804 2813 856 2870 per
872 2813 905 2854 se
921 2795 1052 2854 offendit.
1088 2795 1167 2855 Nam
1190 2796 1348 2875 privilegia
1369 2796 1540 2857 auxiliariis

207 2898 428 2974 provinciarum
456 2897 601 2955 militibus
622 2914 767 2955 concessa
789 2916 856 2955 cum
879 2898 953 2956 satis
974 2897 1067 2956 multa
1088 2899 1241 2974 supersint
1266 2899 1303 2957 ad
1332 2899 1465 2957 Marcum
1488 2918 1540 2958 88-

208 3018 276 3075 888,
298 3000 393 3059 adhue
413 2999 525 3059 nullum
547 3000 705 3058 habuimus
723 3018 801 3056 anno
820 3000 877 3058 178
899 2999 1142 3077 (8881881501)
1162 3001 1324 3077 posterius;
1347 3001 1540 3060 crediderim-

208 3119 266 3176 qne
288 3103 345 3160 hoc
366 3102 403 3160 de
424 3120 484 3177 quo
508 3102 607 3178 agitur
627 3101 716 3179 longo
741 3103 900 3161 intervallo
927 3121 946 3159 a
972 3103 1097 3177 reliquis
1123 3103 1254 3179 seiungi,
1281 3103 1414 3178 praemia
1438 3115 1540 3163 autem

209 3211 416 3263 veteranorum
438 3205 555 3263 interim
578 3213 691 3263 mutata
713 3222 788 3262 8888.

248 3305 296 3364 Ea
317 3306 440 3366 mutatio
463 3325 540 3381 quae
560 3306 654 3365 fuisse
675 3306 811 3364 videatur
833 3314 992 3381 antequam
1017 3324 1146 3384 expono,
1173 3325 1257 3366 error
1282 3326 1371 3383 quem
1393 3308 1423 3366 18
1445 3309 1540 3383 privi-

207 3407 295 3485 legiis
325 3417 414 3468 antea
446 3408 526 3467 88118
557 3408 733 3467 enarrandis
760 3408 894 3467 commisi
921 3409 993 3467 mibi
1019 3408 1224 3468 retractandus
1250 3418 1310 3482 881,
1343 3429 1409 3469 8818
1436 3410 1473 3468 ab
1502 3430 1540 3470 88

207 3511 383 3586 quaestione
405 3511 484 3568 aeris
506 3510 595 3568 huius
616 3511 822 3586 interpretatio
844 3511 982 3585 pendeat.
1027 3509 1150 3572 Scilicet
1171 3529 1238 3569 oum
1260 3510 1430 3570 huiusmodi
1451 3530 1539 3587 pere·

207 3613 310 3688 grinae
338 3612 521 3672 condicionis
543 3612 687 3670 militibus
709 3612 748 3670 ad
770 3612 874 3669 8145
896 3612 1002 3671 8111188
1023 3612 1161 3672 Romana
1187 3631 1333 3672 concessa
1357 3632 1427 3673 esse
1454 3615 1539 3675 inve·

207 3714 306 3773 818181
320 3722 350 3773 81
364 3714 438 3790 ipsis
460 3722 489 3771 et
509 3714 603 3773 liberis
621 3718 801 3790 posterisque
822 3732 926 3786 eorum,
949 3715 1085 3774 clausula
1106 3721 1203 3774 autem
1225 3716 1298 3774 11888
1319 3716 1350 3773 18
1370 3715 1538 3793 privilegiis

207 3834 261 3891 per
283 3833 377 3874 88888
403 3817 461 3874 154
485 3815 523 3872 86
548 3815 606 3874 178
630 3817 782 3874 concessis
806 3816 938 3888 deficiat,
959 3817 990 3874 id
1012 3817 1074 3875 dixi
1097 3816 1130 3891 (l.
1150 3835 1175 3874 8.
1193 3837 1223 3893 p.
1239 3815 1314 3890 908)
1335 3817 1446 3876 1881881
1468 3836 1539 3878 8888

207 3917 303 3976 videri
330 3918 419 3995 culpa
447 3936 550 3977 eorum
577 3917 628 3993 qui
654 3919 813 3997 privilegia
839 3938 874 3978 88
901 3919 1122 3995 concepissent,
1150 3936 1226 3996 qnos
1254 3935 1327 3978 sane
1355 3919 1411 3978 bac
1439 3927 1539 3979 aetate

208 4029 324 4078 constat
350 4019 447 4077 8111818
474 4038 579 4097 parum
605 4019 762 4096 diligenter
787 4020 906 4079 functos
934 4039 1011 4080 esse.
1058 4022 1100 4079 At
1126 4021 1186 4080 iam
1212 4029 1335 4099 apparet
1359 4021 1406 4080 ius
1434 4023 1538 4098 potius

208 4129 352 4180 mutatum
379 4140 445 4181 8888
472 4122 613 4180 1188811818
640 4122 715 4180 18181
741 4141 769 4180 8.
792 4122 849 4180 145
872 4132 903 4182 81
926 4123 984 4182 154
1011 4123 1050 4181 86
1076 4123 1160 4198 ipsos
1186 4123 1297 4183 milites
1323 4125 1470 4197 restricto,
1503 4133 1538 4185 ut

285 4327 309 4390 ¹)
336 4328 498 4394 Quamquam
517 4329 543 4378 in
565 4329 710 4394 vulgaribus
725 4329 766 4380 1118
782 4345 835 4380 888
848 4330 953 4381 8818188
973 4331 1186 4395 praetereundum
1206 4338 1252 4392 881,
1272 4331 1341 4396 88811
1354 4332 1448 4383 milites
1460 4333 1537 4384 auxi-

206 4421 284 4483 liarii,
305 4438 355 4487 quo
374 4429 489 4486 tempore
507 4422 550 4471 lex
570 4421 712 4472 1188811818
737 4430 783 4483 est,
806 4430 865 4487 post
888 4423 996 4474 emerita
1019 4424 1131 4488 quinquo
1150 4430 1176 4472 et
1195 4424 1283 4489 viginti
1303 4425 1431 4489 stipendia
1450 4425 1537 4475 mitto-

208 4513 309 4563 bautur.
346 4515 414 4565 Nam
434 4513 620 4579 stipendiorum
639 4529 772 4563 numerum
792 4515 934 4579 legitimum
958 4516 1033 4565 tertio
1053 4517 1155 4565 8888818
1175 4516 1284 4565 81811888
1303 4524 1398 4567 881881
1417 4518 1537 4582 81118188

208 4606 298 4656 8818118
317 4622 371 4656 1818
391 4607 528 4656 militarem
547 4622 599 4656 non
620 4621 651 4656 ex
672 4606 821 4656 enchiridiis
843 4607 904 4657 solis
924 4616 1111 4672 cognoverunt;
1136 4608 1234 4657 scilieet
1252 4609 1416 4660 classicorum
1435 4624 1468 4658 ex
1488 4624 1537 4659 sex

146 4688 148 4692 ¹
207 4705 233 4746 et
256 4699 345 4763 viginti
369 4699 439 4748 sacta
464 4714 519 4748 esse
546 4698 736 4762 duodetriginta
759 4699 894 4764 privilegia
918 4701 1055 4749 ostendunt
1080 4700 1120 4761 (C.
1135 4700 1176 4750 111
1194 4717 1219 4765 p.
1235 4701 1306 4762 907),
1332 4700 1537 4764 legionariorum

207 4791 297 4854 viginti
316 4791 425 4840 crevisse
445 4791 477 4839 ad
498 4791 608 4855 quinque
629 4797 653 4838 et
672 4791 761 4855 viginti
782 4792 870 4840 titulus
885 4792 998 4842 Dacicus
1017 4792 1198 4852 c.111‚1072
1218 4801 1243 4842 81
1262 4793 1366 4845 Servius
1385 4792 1418 4842 ad
1437 4793 1537 4842 Aenei-

208 4883 266 4932 dem
286 4886 310 4943 2,
327 4885 377 4932 157
399 4897 513 4947 8888888
537 4883 682 4932 8168188181
707 4899 739 4932 cx
766 4884 823 4932 loco
847 4884 988 4934 Modestini
1007 4884 1239 4949 Dig.27,1‚s,2
1263 4892 1289 4933 81
1310 4884 1537 4934 constitutionibus

208 4975 356 5024 Caracallae
381 4975 446 5025 Cod.
464 4975 527 5024 Iust.
543 4976 567 5035 5,
584 4975 626 5035 65,
643 4977 666 5023 1.
683 4977 725 5036 12,
740 4975 783 5036 35,
798 4977 823 5025 9.
866 4976 1072 5026 Auxiliariorum
1095 4978 1230 5042 privilegio
1255 4992 1312 5026 com
1335 4985 1394 5041 post
1416 4977 1535 5027 Marcum
1585 4970 1589 4976 ²

206 5068 334 5129 deliciunt,
358 5067 489 5131 expectari
513 5068 596 5132 potuit
619 5067 703 5117 simile
722 5068 845 5133 quiddam
865 5069 897 5118 68
915 5069 947 5119 118
966 5078 1067 5121 cautum
1087 5085 1156 5133 esse;
1181 5070 1350 5121 nihilominus
1369 5069 1417 5120 boe
1437 5082 1481 5119 aes
1500 5070 1535 5121 ab

205 5161 358 5225 antiquioris
377 5160 467 5209 aetatis
487 5174 593 5209 numero
613 5161 728 5224 legitimo
747 5177 799 5212 8811
819 5163 923 5212 recedit.
