3474 5812
578 521 714 575 Moesus
733 521 922 574 SVPERIOR‘.
950 520 1156 572 DALMATIA.

735 795 1003 872 DALMATIA.

242 1013 269 1070 1.
319 1011 498 1071 0555555555
531 1031 558 1069 5.
585 1010 663 1070 1876
696 1020 801 1087 555555
834 1028 888 1069 555
918 1012 956 1069 ad
984 1029 1031 1068 mc
1058 1010 1141 1068 misit
1169 1009 1214 1067 vir
1241 1023 1403 1085 generosus
1432 1021 1531 1064 comes

198 1115 318 1174 Paulus
338 1114 448 1172 Porcia
465 1114 606 1172 Amalteo
629 1113 766 1190 syllogen
781 1113 1019 1189 inscriptionum
1042 1112 1236 1171 bibliothecae
1259 1129 1330 1169 suae
1352 1108 1532 1166 domesticae

200 1217 347 1292 scriptam
370 1234 447 1274 5555.
470 1215 596 1285 XVIII,
620 1215 672 1273 scd
694 1235 772 1291 quae
793 1217 959 1292 composita
980 1232 1046 1274 5555
1067 1215 1200 1273 videatur
1222 1232 1297 1272 sace.
1317 1212 1408 1284 XVI3
1430 1211 1532 1269 insunt

200 1321 388 1396 epigramma
408 1318 600 1394 Tubingense
628 1337 655 1375 a.
674 1318 752 1376 1516
779 1328 809 1376 55
833 1318 911 1376 515511
932 1318 1052 1394 quidam
1076 1317 1257 1395 sepulcrales
1279 1316 1386 1374 aetatis
1406 1313 1533 1372 recentis

200 1421 241 1478 ad
263 1440 291 1478 a.
307 1439 403 1496 usque
423 1421 512 1480 1544.
548 1420 762 1496 Inscriptiones
782 1421 921 1496 antiquae
941 1439 1018 1495 quae
1037 1421 1067 1477 in
1086 1439 1122 1478 ea
1140 1421 1328 1478 continentur
1347 1437 1407 1476 non
1421 1433 1533 1493 paucae

200 1523 432 1600 proficiscuntur
459 1543 496 1581 ex
523 1523 650 1600 syllogis
672 1540 748 1581 saec.
766 1523 826 1581 XV
847 1523 983 1581 excuntis
1005 1522 1212 1597 incipientisve
1232 1520 1323 1592 XV13
1345 1521 1454 1578 adsunt
1474 1516 1533 1574 Po·

201 1626 302 1684 lensia
317 1624 432 1697 Sanuti‚
454 1625 633 1700 Tergestina
648 1625 782 1701 Antiqui,
805 1624 941 1700 Hispana
960 1624 1078 1700 aliaque
1096 1625 1207 1701 pariter
1226 1623 1344 1682 inutilia
1362 1622 1462 1680 omnia
1481 1638 1533 1676 cx·

201 1729 300 1805 ceptis
323 1728 398 1786 solis
422 1727 609 1798 Dalmaticis,
631 1747 650 1785 a
670 1728 781 1802 quibus
803 1726 919 1803 sylloge
940 1727 1053 1801 incipit.
1095 1726 1298 1801 Reperiuntur
1320 1746 1358 1784 cx
1379 1723 1535 1783 Dalmatia

202 1831 286 1888 titali
312 1829 342 1887 hi
370 1851 398 1888 n.
418 1829 506 1889 1935.
535 1829 622 1889 1945.
646 1829 844 1888 1951.1961.
867 1828 955 1888 1979.
978 1829 1065 1888 1981.
1090 1827 1308 1888 1985-1987.
1331 1826 1420 1886 1995.
1443 1821 1533 1882 9093.

204 1930 299 1989 9097.
322 1931 413 1991 9035.
437 1930 526 1989 9043.
552 1931 642 1989 9051.
666 1930 882 1990 9094-9096.
906 1929 996 1989 9100.
1013 1929 1102 1989 9195.
1121 1930 1211 1989 9135.
1227 1929 1318 1989 9149.
1336 1928 1424 1988 9159.
1442 1925 1533 1984 9108.

204 2032 297 2092 9179.
321 2032 412 2093 9175.
436 2033 527 2092 9180.
551 2033 641 2091 9188.
666 2032 757 2092 9189.
781 2032 871 2092 9191.
895 2031 986 2092 9900.
1010 2032 1099 2090 9904.
1121 2032 1212 2090 9917.
1230 2028 1320 2090 9939.
1336 2030 1427 2090 9943.
1444 2028 1534 2087 9949.

207 2134 301 2193 9956.
326 2133 416 2193 9979.
440 2135 530 2193 9977.
555 2135 646 2194 9310.
670 2135 759 2194 9315.
785 2135 874 2194 9339.
899 2135 988 2193 9354.
1013 2135 1103 2193 9359.
1121 2133 1211 2194 9365.
1229 2133 1318 2192 9386.
1336 2132 1427 2192 9397.
1444 2129 1534 2189 9409.

205 2236 299 2295 9404.
324 2236 414 2295 9406.
439 2235 529 2295 9407.
553 2239 643 2296 9411.
667 2235 756 2296 9493.
782 2237 872 2296 9494.
896 2237 986 2294 9456.
1011 2236 1101 2295 9465.
1121 2235 1210 2295 9475.
1227 2235 1319 2294 9486.
1337 2234 1426 2293 9501.
1444 2232 1533 2291 9506.

205 2337 299 2398 5555.
324 2336 413 2399 5555.
438 2337 528 2398 5555.
551 2339 642 2398 5555.
667 2337 757 2399 5545.
782 2339 872 2399 5555.
897 2337 987 2398 5555.
1011 2338 1101 2398 5555.
1119 2337 1209 2397 5555.
1226 2337 1318 2397 aare.
1335 2335 1425 2395 2584.
1442 2334 1533 2393 5555.
1593 2318 1595 2322 ’

205 2439 298 2499 9607.
323 2438 413 2498 9614.
437 2440 532 2500 9618.
551 2441 642 2499 9676.
666 2440 756 2500 9678.
780 2441 870 2500 9686.
895 2442 985 2500 9696.
1010 2440 1099 2500 9979.
1122 2441 1211 2500 3096.
1229 2440 1320 2500 3199.
1336 2439 1427 2498 6406.
1444 2435 1535 2496 6495.

205 2541 298 2601 6496.
323 2541 537 2601 stas-6431.
561 2544 634 2619 dipl.
656 2543 764 2602 n.VII.
788 2540 995 2605 130*-136*,
1021 2545 1090 2601 item
1118 2544 1170 2618 qui
1192 2543 1270 2601 infra
1292 2544 1418 2601 eduntur
1440 2541 1536 2598 adhue

203 2645 311 2722 ignoti.
348 2644 422 2702 Loci
444 2645 641 2704 iudicationes
663 2645 862 2703 accuratiores
877 2663 965 2722 saepe
980 2645 1122 2704 deficiunt
1136 2663 1297 2722 versusque
1313 2645 1535 2713 continuantur3

204 2746 358 2824 descripta
379 2756 478 2805 tamen
500 2749 687 2823 exemplaria
708 2747 781 2806 15555
802 2765 869 2806 5555
892 2755 1016 2824 5555555
1037 2767 1075 2805 ex
1098 2757 1176 2806 recte
1197 2748 1284 2806 factis
1307 2765 1443 2822 quaeque
1461 2746 1536 2821 liga·

204 2858 290 2909 turas
303 2860 441 2908 accurate
455 2858 722 2926 repraesentarent.
736 2884 777 2892 —
792 2850 931 2909 Redeunt
952 2851 982 2908 in
998 2850 1177 2909 Dalmaticis
1198 2850 1246 2908 his
1267 2849 1421 2926 complura
1442 2850 1537 2906 relata

205 2952 288 3030 apud
309 2951 468 3026 Merulam,
491 2952 575 3012 cuius
596 2953 665 3012 item
689 2953 786 3012 versio
809 2973 835 3011 5.
851 2952 929 3010 1510
952 2972 987 3011 55
1008 2953 1045 3010 de
1067 2972 1127 3029 qua
1149 2953 1279 3012 diximus
1302 2972 1330 3028 5.
1348 2952 1407 3011 974
1430 2952 1537 3027 legitur

204 3055 237 3113 in
260 3053 497 3126 boct'ascicu103
521 3056 643 3114 suntin
664 3075 701 3113 55
723 3055 782 3113 5115
803 3076 822 3114 5
842 3055 929 3113 nobis
954 3063 1072 3132 reperta
1093 3055 1122 3113 in
1146 3056 1211 3113 cod.
1235 3055 1374 3113 Ambros.
1398 3053 1423 3113 O
1441 3053 1536 3111 61151.

204 3157 256 3215 rel
276 3156 358 3234 apud
380 3158 570 3234 Anonymum
587 3156 684 3230 Lucii,
707 3158 834 3233 denique
855 3176 915 3214 non
938 3176 1032 3232 pauca
1053 3157 1150 3216 adhue
1170 3171 1242 3215 nota
1263 3178 1301 3216 ex
1324 3158 1397 3216 solis
1419 3157 1537 3215 schedis

205 3256 378 3336 spalatinis
399 3260 560 3319 Zaccariae
585 3260 741 3318 schedisve
763 3259 867 3319 Rotae.
912 3259 952 3317 Et
973 3279 1009 3317 ea
1029 3260 1147 3336 quidem
1169 3277 1245 3334 quae
1267 3279 1305 3318 ex
1328 3259 1444 3317 Marulo
1467 3262 1538 3317 Am·

206 3362 352 3420 hroaiano
372 3359 467 3420 Lucio
492 3362 686 3421 innotuerunt
711 3382 748 3421 ex
769 3362 815 3421 bis
837 3362 983 3438 exemplis
1005 3381 1073 3420 raro
1096 3362 1302 3432 emcndantur3
1329 3369 1433 3420 contra
1454 3362 1537 3420 sche-

205 3463 256 3522 dis
280 3461 447 3540 Spalatinis
468 3465 517 3524 vel
539 3473 617 3524 certe
639 3465 742 3523 relatis
765 3465 832 3524 inde
854 3483 872 3521 a
891 3464 1033 3523 Zaccaria
1046 3465 1184 3541 Rutaque
1206 3465 1326 3524 libellus
1342 3464 1538 3542 Opiterginos

205 3565 299 3642 longe
325 3573 700 3644 praestatpotueruntque
726 3569 769 3627 ita
795 3567 873 3626 tituli
898 3568 928 3625 hi
955 3567 1068 3644 passim
1095 3568 1255 3626 emendari.
1300 3566 1439 3626 Ceterum
1465 3568 1538 3626 55515

206 3676 329 3728 constat
347 3669 427 3728 hunc
447 3669 555 3728 librum
577 3689 637 3729 non
658 3688 726 3729 5555
747 3670 846 3746 ipsum
869 3668 1056 3746 Spalatinum
1081 3689 1099 3728 a
1119 3670 1261 3729 Zaccaria
1281 3670 1460 3741 adhibitum
1487 3669 1539 3727 sed

207 3789 276 3830 eum
298 3771 352 3848 qui
373 3772 504 3849 scripsit,
525 3772 600 3830 haec
627 3772 847 3831 schediasmate
868 3772 913 3829 vel
935 3771 1041 3831 borum
1063 3773 1191 3848 gemella
1211 3773 1392 3848 compilavit.

250 3872 290 3930 II.
333 3872 477 3932 Eiusdem
501 3875 638 3951 syllogus
660 3875 857 3950 fragmentum
873 3874 1061 3933 Bormannus
1083 3877 1215 3951 repperit
1232 3876 1364 3935 Prssvru
1386 3881 1416 3934 in
1438 3878 1539 3935 codice

208 3973 406 4034 bibliothecae
429 3975 620 4035 Olivcrianac
645 3997 673 4035 n.
691 3977 765 4048 466,
793 3977 877 4036 55155
904 3977 1010 4034 deinde
1037 3978 1241 4054 apographum
1269 3998 1288 4036 a
1312 3979 1539 4038 bibliothecario

211 4074 342 4136 Grossio
367 4077 594 4155 diligentissime
620 4080 732 4138 lactum
759 4079 845 4137 nobis
872 4078 952 4137 misit
978 4080 1143 4138 studiorum
1171 4090 1340 4140 nostrorum
1368 4083 1469 4141 fautor
1496 4083 1539 4139 in·

211 4178 307 4254 signis
329 4180 462 4240 marchio
484 4179 583 4258 Cyrus
606 4181 739 4240 Antaldi.
776 4181 909 4258 Paginae
931 4194 1001 4240 sunt
1024 4182 1167 4255 undecim,
1191 4202 1316 4258 quarum
1339 4193 1405 4242 octo
1427 4187 1540 4260 primae

210 4281 340 4358 scriptae
366 4290 437 4342 sunt
462 4303 550 4342 mana
577 4302 653 4343 sace.
673 4283 767 4342 XVII
788 4284 971 4360 incipientis,
999 4304 1079 4343 nona
1100 4296 1129 4344 et
1151 4286 1265 4344 decima
1286 4305 1376 4346 manu
1398 4287 1541 4358 Passerii‚

211 4383 369 4443 undecima
395 4404 484 4445 manu
510 4386 690 4446 Hannibalis
721 4385 857 4446 Olivieri.
907 4387 1014 4446 Insunt
1043 4407 1080 4446 ex
1111 4387 1263 4447 Dalmatia
1289 4390 1368 4447 tituli
1397 4409 1424 4447 n.
1451 4388 1540 4448 1945.

215 4483 306 4543 1961.
325 4487 413 4546 1981.
432 4486 520 4546 1986.
544 4487 635 4547 9035.
658 4487 750 4547 9043.
773 4488 864 4546 9051.
889 4487 979 4548 9095.
1002 4489 1092 4549 9096.
1117 4489 1206 4549 9100.
1232 4492 1321 4550 9149.
1343 4491 1433 4551 9949.
1450 4489 1540 4549 9977.

213 4584 306 4646 9397.
330 4585 420 4647 9493.
445 4590 534 4649 9456.
559 4588 649 4649 9590.
674 4590 762 4651 9676.
788 4589 878 4648 9999.
902 4591 974 4669 dipl.
989 4611 1018 4650 n.
1032 4591 1103 4651 VII.
1124 4591 1329 4666 130⁴-13tt',
1352 4595 1401 4670 qui
1423 4603 1542 4670 praeter

212 4687 454 4766 vulgatissimum
477 4712 505 4750 n.
522 4691 602 4751 9999
625 4711 730 4752 omnes
751 4694 876 4753 redeunt
897 4695 928 4752 in
949 4694 1026 4752 libro
1050 4693 1236 4772 Opitergino.
1633 4690 1638 4699 ”

253 4790 307 4849 111.
349 4791 398 4851 Ex
420 4793 611 4853 collectaneis
627 4795 758 4869 Fossis,
780 4815 857 4873 quae
880 4814 971 4873 supra
993 4796 1035 4874 (p.
1053 4796 1105 4872 60)
1129 4797 1194 4855 dixi
1216 4798 1274 4856 iam
1295 4808 1416 4857 nostrae
1437 4799 1541 4858 biblio-

211 4893 317 4952 thecae
340 4893 426 4953 illata
447 4913 527 4967 csse,
554 4896 591 4953 ad
615 4897 797 4957 Dalmatiam
820 4908 955 4976 spectant
975 4899 1102 4976 primum
1124 4901 1197 4958 folia
1218 4902 1277 4959 tria
1298 4901 1477 4960 continentia
1498 4906 1542 4958 in-

211 4995 390 5073 scriptiones
416 4997 585 5058 Iadcstinas
619 5000 815 5077 undeviginti,
855 5020 979 5079 quorum
1012 5003 1083 5060 item
1114 5003 1317 5081 apographum
1344 5005 1471 5062 relatum
1498 5014 1544 5063 est

210 5096 243 5156 iu
264 5099 401 5179 syllogen
428 5099 673 5177 epigrammatum
696 5100 830 5162 CCXIII
853 5124 881 5161 n·
901 5105 1077 5174 181-199;
1105 5105 1210 5163 deinde
1232 5106 1263 5164 in
1284 5107 1434 5164 volumine
1456 5106 1543 5165 folio·

210 5218 276 5261 rum
291 5199 351 5261 168
371 5200 462 5279 plena
479 5202 597 5281 sylloge
615 5203 843 5286 inscriptionum
857 5207 1077 5267 Iadestinarum
1096 5226 1161 5267 cum
1182 5210 1369 5268 enarratione
1387 5209 1544 5268 admodum

1300 5312 1339 5369 6}
