3474 5812
585 504 947 566 rruunanuoavuovs.
1354 489 1425 560 501

106 679 223 737 Prodiit
249 678 375 753 primum
402 678 433 736 in
460 677 527 754 eph.
554 677 667 736 Gazette
688 679 722 736 de
743 677 832 754 Liipc
856 678 903 736 17.
923 678 1012 736 Febr.
1036 680 1124 751 1881,
1155 698 1245 756 quam
1272 700 1330 738 nou
1358 683 1428 753 vidi,

106 781 211 839 deinde
240 798 312 838 cura
336 778 583 838 Schuermannsii
614 780 648 838 in'
675 781 741 857 eph.
771 780 962 840 Bruxellensi
992 781 1121 841 Balletia
1150 784 1198 841 des
1230 784 1428 844 Commissioas

105 883 219 961 repelet
242 880 318 940 d'urt
339 890 364 939 31
386 879 592 958 d'crcddolopie
613 882 673 940 vol.
691 881 729 940 20
752 881 865 958 (1881)
885 901 913 960 p.
933 880 1001 943 123.

194 1086 222 1163 ¹)
255 1087 348 1144 Iidem
372 1086 499 1145 honores
522 1087 646 1145 redeunt
666 1088 696 1145 in
718 1087 785 1166 lege
806 1087 936 1147 eiusdem
958 1089 1027 1148 anui
1047 1090 1106 1148 vol.
1119 1088 1168 1147 III
1184 1109 1211 1165 p.
1225 1088 1283 1148 862
1300 1109 1327 1148 3.
1340 1089 1428 1150 XIX.

192 1189 222 1265 2)
254 1189 429 1265 Requiritur
451 1189 500 1246 313
522 1189 625 1264 aliqua
646 1189 751 1265 prima,
774 1191 913 1264 quoniam
937 1191 1031 1250 altera
1044 1192 1142 1269 prima
1156 1192 1300 1268 sequitur,
1323 1210 1430 1251 nomen

106 1294 220 1352 habens
240 1291 411 1368 bipertitum
431 1300 490 1348 tam
512 1310 530 1347 a
549 1291 660 1367 populo
680 1311 770 1368 quam
785 1311 804 1349 a
817 1292 889 1351 duce
904 1293 1023 1352 ductum
1037 1294 1202 1352 litterarum
1218 1312 1243 1352 c.
1258 1293 1330 1367 XV,
1351 1295 1430 1353 deui-

106 1416 163 1472 que
188 1393 339 1472 appellata
364 1393 472 1451 civium
497 1392 710 1452 Romanorum.
757 1393 814 1453 His
842 1395 972 1453 numeris
999 1397 1135 1455 omuibus
1161 1415 1238 1473 quaa
1263 1396 1431 1456 satisfaciat

107 1497 218 1556 nullam
240 1496 367 1572 repperi.

193 1600 221 1673 3)
255 1597 344 1656 Redit
364 1598 395 1656 in
417 1597 549 1657 exercitu
570 1598 742 1659 Britannico
758 1618 791 1656 a.
811 1599 867 1657 105
891 1599 965 1674 (vol.
981 1599 1027 1657 111
1045 1619 1072 1675 p.
1086 1600 1145 1660 866
1166 1621 1194 1659 3.
1206 1599 1345 1675 XXIII).
1381 1601 1430 1659 Ex

107 1723 143 1761 aa
165 1711 335 1759 veteranum
362 1700 470 1771 fuisse,
503 1700 549 1758 cui
581 1700 637 1758 hoc
666 1700 852 1777 privilegium
882 1701 982 1759 datum
1011 1703 1059 1774 sit,
1087 1703 1281 1779 probabiliter
1306 1705 1432 1762 coniecit

108 1806 340 1873 Schuermanns3
374 1802 457 1860 locus
489 1803 567 1860 euim
597 1803 626 1859 in
658 1821 717 1878 quo
751 1811 885 1879 repertus
918 1813 964 1862 est
996 1804 1068 1862 olim
1097 1804 1284 1881 Tungrorum
1316 1805 1431 1863 videtur

107 1908 212 1967 fuisse.
256 1905 386 1965 Omnino
408 1904 459 1980 qui
481 1904 511 1962 id
533 1905 712 1980 impetravit,
738 1925 797 1963 non
817 1905 849 1963 iu
871 1905 1029 1964 Britannia
1050 1908 1170 1981 mansit,
1198 1908 1251 1966 sed
1273 1915 1343 1984 post
1363 1907 1430 1965 mis·

108 2011 219 2069 sionem
242 2008 361 2066 domum
384 2024 521 2065 reversus
544 2014 598 2065 est.

194 2109 224 2186 ⁴)
257 2109 304 2166 Ex
328 2108 500 2167 cohortibus
522 2127 588 2178 sex,
610 2109 648 2166 ad
663 2126 737 2184 quas
750 2109 937 2186 privilegium
960 2110 1112 2186 pertinuit,
1135 2118 1283 2187 quattuor,
1306 2129 1430 2186 quarum

108 2214 227 2272 nomina
248 2221 422 2287 supersunt,
449 2228 551 2269 omnes
576 2210 753 2270 redeuntia
775 2211 841 2288 lege
865 2211 977 2287 pariter
999 2213 1038 2270 ad
1059 2211 1245 2272 Britanniam
1267 2214 1432 2289 pertinente

108 2337 134 2375 3.
154 2316 222 2386 124,
243 2315 404 2391 pleraeque
425 2313 544 2371 aliunde
567 2330 684 2389 qnoque
703 2313 775 2372 satis
791 2323 879 2372 notae
894 2323 971 2373 sunt.
1005 2313 1179 2374 Desiderari
1194 2317 1321 2392 primam
1336 2324 1430 2392 patet3

108 2419 203 2477 altera
228 2436 303 2492 quae
329 2415 428 2474 delicit
454 2415 573 2473 dubium
602 2422 648 2474 331
669 2425 765 2474 utrum
787 2416 932 2474 exciderit
951 2424 1021 2493 post
1043 2417 1058 2474 I
1080 2416 1282 2493 Hispanorum
1304 2436 1341 2476 33
1363 2428 1433 2496 post

108 2519 364 2590 IVardullorum3
387 2518 516 2593 spatium
540 2527 666 2593 utroque
686 2518 754 2575 loco
777 2517 896 2588 sufficit,
918 2519 971 2576 sed
992 2519 1187 2594 posteriorem
1209 2536 1267 2576 non
1290 2519 1431 2578 habemus

108 2622 257 2698 quomodo
282 2621 456 2696 expleamus
485 2620 544 2678 nisi
575 2619 706 2679 cohortis
738 2619 881 2677 vocabulo
911 2621 1038 2692 inserto,
1069 2621 1169 2698 priore
1200 2620 1281 2679 aliud
1310 2621 1432 2698 aliquod

108 2725 283 2783 vocabulum
311 2723 349 2780 ad
374 2722 573 2798 Hispanorum
598 2729 698 2799 potest
723 2721 868 2780 adiectum
893 2722 1002 2794 fuisse,
1027 2742 1208 2801 quamquam
1229 2723 1337 2782 cohors
1359 2723 1433 2781 haec

108 2828 138 2885 in
160 2825 317 2885 Britannia
338 2825 394 2883 sub
417 2842 453 2882 eo
474 2823 593 2881 nomine
614 2824 679 2882 solo
701 2825 820 2900 saepius
842 2833 1029 2883 memoratur.

195 2927 224 3003 ⁵)
246 2927 304 2994 ,De
326 2926 363 2984 T.
386 2926 497 2984 Avidio
520 2923 628 2998 Quieto
655 2926 727 2984 haec
753 2926 849 2985 adhuc
874 2927 1075 2984 innotuerunt.
1124 2926 1311 2985 Praenomen
1338 2945 1433 3002 nuper

108 3042 288 3107 aperuerunt
308 3027 426 3087 fistulae
449 3027 579 3087 urbanae
600 3028 696 3087 editae
720 3048 738 3086 3
759 3024 794 3086 C.
816 3026 853 3085 L.
869 3027 1022 3087 Viscontio
1045 3027 1126 3087 Ball.
1148 3027 1226 3087 dalla
1244 3047 1339 3087 comm.
1353 3029 1430 3087 arch.

109 3136 141 3190 di
160 3134 251 3190 Barna
274 3133 291 3191 5
314 3152 342 3208 p.
360 3132 397 3189 73
419 3138 448 3189 31
469 3150 487 3189 3
508 3129 673 3189 Lanciauio
695 3131 725 3189 iu
748 3130 867 3207 egregio
890 3131 1102 3189 commentario
1121 3130 1146 3187 le
1160 3148 1249 3207 cepae
1263 3132 1333 3208 apli
1347 3151 1433 3207 aqae-

110 3238 180 3294 dotti
201 3253 230 3309 p.
246 3232 302 3291 221
328 3254 357 3291 3.
374 3233 413 3291 64
435 3250 463 3307 p.
481 3230 540 3289 240
562 3250 591 3289 3.
610 3231 677 3290 191.
721 3231 853 3309 Tegulae
878 3251 997 3309 quoque
1021 3232 1153 3291 eiusdem
1175 3232 1246 3303 viri,
1273 3233 1326 3292 sed
1348 3252 1432 3311 prae-

108 3337 228 3394 nomine
250 3344 384 3393 carentes
406 3336 596 3392 innotuerunt
617 3344 678 3392 tam
700 3352 740 3393 ex
763 3334 835 3392 urbe
856 3334 955 3394 Roma
976 3332 1128 3408 (Visconti
1145 3333 1164 3392 l.
1180 3352 1205 3392 c.
1221 3354 1250 3410 p.
1268 3334 1321 3410 75)
1344 3354 1431 3411 quam

109 3459 147 3497 ex
171 3438 271 3496 insula
293 3435 445 3508 Sardinia,
473 3437 521 3494 ubi
546 3435 606 3494 uidi
631 3437 696 3512 ipsc
720 3437 751 3494 in
779 3454 880 3496 museo
903 3433 1106 3515 Cagliaritano
1132 3434 1250 3514 (Spano
1271 3439 1432 3514 1333193-

110 3541 211 3599 lincrie
238 3541 322 3599 sarde
346 3560 375 3616 p.
399 3539 435 3598 10
457 3559 486 3597 3.
508 3538 572 3614 35).
622 3538 757 3597 Eundem
784 3557 811 3597 a.
832 3540 870 3598 89
897 3539 1067 3615 provinciae
1094 3538 1241 3598 Thraciae
1265 3539 1433 3615 praefuisse

109 3644 238 3719 legatum
264 3643 334 3718 imp.
361 3641 527 3699 Domitiani
554 3659 648 3718 nuper
675 3641 805 3700 ostendit
832 3641 981 3699 decretum
1008 3641 1153 3699 urbanum
1180 3641 1296 3718 insigne
1321 3641 1432 3700 editum

109 3746 167 3803 vol.
179 3745 224 3804 Vl
239 3765 266 3802 3.
279 3742 372 3814 3828,
395 3762 463 3801 aere
477 3743 603 3802 incisum
619 3761 637 3800 a
651 3743 808 3801 Viscontio
824 3742 858 3818 (1.
875 3743 926 3818 3.),
948 3741 1025 3800 unde
1046 3743 1116 3801 item
1135 3742 1294 3801 didicimus
1316 3742 1432 3820 (quam-

109 3865 196 3922 quam
213 3846 435 3921 Marquardtius
457 3846 487 3903 iu
509 3863 623 3921 nupera
643 3845 845 3922 recognitione
867 3844 1174 3922 Stactsvenocltaapl
1193 3863 1221 3922 p.
1239 3845 1298 3903 314
1313 3846 1433 3905 invento

110 3967 182 4007 usus
205 3966 265 4007 non
286 3948 344 4024 est)
366 3967 425 4007 non
444 3947 618 4020 Traianum,
641 3956 675 4005 31
695 3947 793 4006 adhuc
814 3948 994 4017 statuebant,
1017 3947 1070 4006 sed
1090 3932 1294 4006 Domitianum
1317 3948 1344 4005 ei
1366 3965 1432 4023 pro·

109 4052 226 4110 vinciae
247 4050 377 4127 legatum
400 4049 527 4109 dedisse.
563 4048 700 4108 Eundem
722 4067 788 4108 esse
809 4050 1018 4126 proconsulem
1038 4049 1138 4109 nescio
1161 4050 1246 4109 cuius
1261 4050 1433 4127 provinciae

110 4152 259 4227 Quietum,
287 4171 374 4228 quem
394 4152 500 4226 laudat
522 4152 633 4210 amicus
656 4151 720 4211 eius
741 4152 920 4211 Plutarchus
943 4161 1059 4229 quaest.
1082 4169 1167 4210 conv.
1185 4150 1214 4222 2,
1232 4153 1258 4224 1,
1274 4153 1303 4224 5,
1325 4153 1432 4230 proba-

109 4256 209 4315 biliter
229 4255 331 4330 posuit
351 4255 458 4333 Patnig
480 4253 607 4331 (quaest.
631 4254 834 4313 Plutarcheae.
858 4253 992 4313 Berolini
1014 4252 1092 4313 1876
1115 4270 1144 4329 p.
1161 4253 1230 4329 48),
1254 4272 1433 4332 quamquam

109 4359 145 4416 de
170 4358 296 4416 lectione
317 4376 377 4415 non
404 4357 476 4416 satis
502 4364 621 4416 constat
641 4355 870 4434 Macrobiusque
891 4357 971 4415 hunc
991 4356 1090 4414 locum
1111 4356 1279 4434 compilans
1301 4365 1334 4415 31
1354 4365 1434 4417 33313

109 4461 257 4518 hominem
277 4458 441 4518 Domitiani
460 4459 644 4535 temporibus
666 4458 857 4527 adiudicavit,
877 4459 921 4517 ita
939 4476 1045 4517 nomen
1060 4458 1125 4516 3133
1140 4457 1219 4518 male
1233 4458 1264 4515 in
1277 4456 1314 4516 L.
1330 4456 1434 4534 Quinti

110 4563 249 4639 corrupit.
286 4561 366 4620 Nam
387 4561 450 4620 veri
473 4561 570 4620 simila
590 4569 646 4635 est,
670 4569 703 4618 31
720 4560 875 4637 Patzigius
894 4561 1043 4637 exposuit,
1064 4561 1144 4619 huuc
1165 4559 1290 4618 alterum
1309 4578 1377 4619 esse
1396 4580 1434 4619 ex

109 4664 250 4722 fratribus
266 4664 390 4737 duobus,
406 4665 514 4740 quibus
526 4662 704 4722 Plutarchus
720 4662 827 4722 librum
842 4663 879 4722 de
891 4663 1024 4723 fraterno
1038 4680 1137 4721 amore
1152 4661 1305 4736 dedicarit,
1321 4660 1434 4738 Quinto

109 4798 150 4809 -
171 4766 261 4823 immo
284 4764 394 4839 Quieto
419 4799 461 4808 -
487 4774 516 4826 31
541 4764 679 4844 Nigrino,
705 4782 815 4842 eosque
840 4764 936 4823 131333
961 4763 1102 4838 Aridi0s3
1131 4764 1259 4843 denique
1282 4755 1378 4841 Κόνιε,
1403 4776 1437 4826 31

110 4877 156 4927 331
170 4868 200 4925 13
215 4868 284 4925 libri
300 4868 336 4926 de
352 4886 420 4928 sera
434 4867 563 4927 numinis
583 4867 713 4928 vindicta
733 4866 928 4940 dedicatione,
950 4874 981 4927 31
999 4866 1100 4946 ipsum
1121 4866 1295 4927 mutandum
1317 4885 1383 4927 esse
1403 4869 1434 4927 in

109 4960 211 5038 Κύητε.
248 4970 285 5028 Α.
307 4970 345 5030 97
368 4971 399 5029 13
422 4978 527 5030 333313
548 4970 725 5031 sarmatiam
746 4967 968 5073 tulit-(Plinius
986 4986 1034 5047 ap.
1048 4968 1079 5043 0,
1096 4969 1144 5044 111,
1161 4967 1224 5047 10).
1261 4951 1346 5029 Obiit
1366 4977 1435 5031 ante

110 5091 137 5130 a.
155 5072 212 5130 107
234 5071 366 5148 (Plinius
380 5091 427 5150 ep.
445 5072 472 5148 6,
489 5071 539 5145 29,
556 5074 587 5146 1;
609 5074 649 5133 ci.
669 5072 761 5133 iudex
781 5070 860 5134 Plin.
881 5091 912 5152 p.
927 5069 1014 5151 408).
1047 5068 1130 5133 Huic
1149 5090 1216 5131 cum
1236 5070 1348 5149 legatio
1370 5071 1434 5131 Bri·

110 5174 228 5234 tannico
251 5194 277 5234 a.
293 5174 332 5235 98
355 5175 474 5256 egregie
495 5174 668 5251 conveniat,
692 5192 857 5255 cognomen
878 5172 1094 5255 supplementis
1117 5176 1250 5235 inserere
1270 5192 1330 5235 333
1352 5173 1435 5234 dubi·
