3474 5812
212 493 260 563 26
652 508 925 559 suerranum
952 506 1035 558 von.
1056 506 1100 556 111
1509 506 1545 555 aa

211 687 395 762 (quanquam
422 682 523 740 Miller
551 681 629 740 male
658 681 751 740 edidit
774 680 922 756 iussum),
952 680 1078 738 alterum
1104 678 1275 754 exemplum
1303 695 1363 735 non
1392 678 1462 734 novi
1489 695 1546 735 neo

208 795 309 864 potest
330 784 469 844 excusari
492 784 552 842 nisi
574 802 610 841 eo
633 784 713 860 quod
737 783 841 841 titulus
863 783 992 858 scriptus
1015 790 1061 840 est
1083 783 1112 839 in
1133 784 1255 857 regione
1277 779 1382 837 usibus
1397 779 1545 837 Romanis

208 906 314 966 parum
341 872 476 945 adsueta.
502 919 543 929 —
569 878 746 955 Buarhr‘aane
770 875 817 942 nul
842 876 991 950 durateus
1017 872 1239 966 προσταξάντων
1266 869 1328 937 ἀντὶ
1350 881 1400 951 τῆς
1421 903 1546 963 προανα-

207 978 331 1059 κειμένης
357 978 417 1070 περὶ
444 989 495 1057 τῆς
521 977 689 1049 ἀναθέσεως
716 988 767 1056 τῆς
792 988 961 1070 προσευχῆς
987 980 1098 1047 nauale
1123 981 1140 1054 ἧ
1169 973 1402 1066 ὑπογεγραμμένη
1425 981 1545 1066 ἐπιγρα-

209 1081 301 1165 φῆτω.

412 1186 554 1253 Βαοιλεὸς
574 1193 747 1260 Πτολεμαῖος
769 1181 926 1274 Εὐεργέτης
947 1184 996 1260 τὴν
1018 1183 1184 1273 προσευχὴν
1207 1176 1326 1245 (ἴουλον.

209 1294 323 1369 Rapina
344 1303 369 1351 et
390 1312 440 1352 ree
461 1293 643 1368 iusser(un)t.
660 1327 697 1335 -
716 1291 846 1366 Quinam
874 1294 912 1350 sit
938 1294 989 1368 qui
1017 1291 1190 1350 auctoribus
1217 1290 1321 1366 regina
1346 1300 1376 1348 et
1400 1307 1471 1365 rege
1497 1297 1544 1348 ta-

207 1395 308 1453 bulam
337 1395 427 1454 scribi
453 1396 557 1455 iubeat
581 1395 663 1470 (nam
695 1397 738 1454 ita
765 1385 949 1478 ἐπιγραφῆτω
982 1392 1184 1470 acripiendum
1215 1410 1284 1451 esse
1315 1399 1395 1450 recte
1427 1395 1544 1450 monuit

206 1497 381 1572 Bormann),
397 1517 435 1555 ex
451 1498 538 1555 titulo
554 1515 613 1555 non
629 1507 760 1574 apparet.
785 1497 949 1572 Euergetes
961 1497 1012 1571 qui
1029 1495 1245 1552 dedicationem
1263 1495 1334 1552 lecit
1345 1503 1443 1552 utrum
1459 1493 1543 1569 prior

206 1600 245 1657 sit
267 1599 349 1674 (ante
365 1597 437 1657 Chr.
454 1596 638 1672 ult-tat)
665 1617 703 1656 an
730 1599 876 1657 secundus
904 1597 988 1672 (ante
1004 1595 1075 1656 Chr.
1095 1596 1291 1670 lte-117),
1318 1607 1399 1654 certa
1425 1596 1543 1663 ratione

206 1700 396 1759 determinari
419 1719 478 1758 non
501 1708 608 1776 potest,
632 1718 812 1775 quamquam
835 1700 931 1775 magis
954 1706 1002 1758 eat
1024 1709 1056 1755 ut
1078 1699 1126 1755 hia
1147 1698 1347 1775 intellegatur.
1385 1689 1541 1778 Προοενχῆ

206 1788 317 1861 ἄσυλος
343 1822 403 1861 non
431 1810 529 1878 potest
555 1819 622 1859 ease
647 1801 705 1858 nisi
728 1801 891 1859 oratorium
914 1800 1088 1858 Iudaeorum
1110 1807 1211 1858 notum
1233 1819 1272 1856 ex
1294 1799 1368 1857 aetia
1389 1798 1541 1874 apostolo-

206 1922 270 1960 rum
298 1903 429 1979 (16,13:
453 1904 489 1979 τῇ
510 1925 540 1959 τε
561 1893 648 1984 ἡμέρᾳ
670 1905 721 1959 τῶν
743 1893 915 1968 σαββάτων
937 1893 1101 1981 ἐξήλθομεν
1123 1893 1180 1981 ἔξω
1203 1903 1252 1962 τῆς
1274 1891 1366 1969 πύλης
1387 1895 1466 1981 παρὰ
1489 1923 1542 1956 πο·

205 1994 304 2071 repc'v,
331 1991 364 2060 cd
385 1996 541 2074 ἐνομίζομεν
563 1997 729 2087 προσευχὴν
751 1993 832 2080 εἶναι)
861 2015 891 2063 et
913 2004 1050 2061 quenali
1077 2002 1128 2077 (3,
1150 2003 1223 2062 296:
1251 2008 1281 2060 in
1307 2021 1365 2078 qua
1387 2012 1412 2060 te
1434 2021 1540 2079 quaero
1603 2049 1609 2055 .

201 2106 382 2181 proseucha?
421 2125 487 2164 cum
522 2106 629 2164 schol:
664 2107 825 2182 proseucha
859 2107 937 2164 locus
971 2106 1144 2163 Iudaeorum
1177 2107 1225 2163 udi
1258 2105 1375 2179 orent),
1409 2105 1541 2163 maxime

204 2225 275 2265 vero
298 2227 337 2264 ex
351 2207 480 2266 Philone
503 2206 553 2281 (cf.
576 2211 607 2266 in
624 2206 648 2264 F
652 2207 724 2265 lacc.
742 2208 774 2265 6:
797 2199 906 2264 εἰκόνας
928 2204 955 2263 ἐν
976 2208 1039 2268 ταῖς
1057 2208 1236 2287 προτενχαῖς
1251 2197 1418 2265 ἀνατιθέναι
1441 2214 1471 2262 et
1485 2205 1540 2281 al.)

204 2316 234 2365 et
263 2309 329 2384 ipso
351 2308 568 2367 Alexandrino.
590 2342 627 2351 -
656 2311 768 2384 Bepina
790 2318 815 2366 et
836 2327 885 2365 rer
910 2327 976 2367 eum
1003 2317 1126 2385 propter
1147 2309 1260 2379 locum,
1287 2326 1347 2384 quo
1369 2309 1472 2366 titulus
1494 2309 1539 2365 in-

203 2424 309 2467 ventus
336 2420 395 2480 est,
422 2422 571 2486 nequeant
597 2429 665 2470 esse
688 2411 782 2487 reguli
810 2410 909 2468 nescio
936 2411 985 2485 qui
1009 2411 1196 2486 Aethiopici,
1224 2419 1307 2470 aetas
1334 2419 1432 2467 autem
1461 2409 1539 2467 tituli

205 2512 357 2570 evidenter
385 2513 425 2571 sit
450 2512 579 2571 labentis
607 2513 722 2589 imperii
747 2512 888 2582 Romani,
917 2514 981 2569 sine
1008 2511 1098 2569 dubio
1126 2522 1197 2569 sunt
1218 2512 1352 2569 Zenobia
1378 2521 1407 2569 et
1430 2511 1539 2569 Vabal-

203 2612 314 2682 lathus,
336 2631 463 2688 quorum
486 2615 539 2671 illa
560 2605 727 2677 dealbare
749 2614 920 2690 appellatur
942 2614 971 2670 in
995 2613 1083 2670 titulo
1103 2613 1283 2688 Palmyrena
1305 2634 1333 2670 n.
1347 2612 1427 2671 2611
1450 2611 1538 2671 Wad-

204 2713 361 2790 dingtonli,
383 2715 431 2773 hio
454 2716 483 2772 in
506 2717 634 2775 nummis
654 2715 762 2774 dieitur
777 2715 848 2790 u(ir)
864 2714 1054 2789 c(onsularis)
1069 2713 1147 2788 r(eu)
1162 2715 1348 2791 iut(peretor)
1363 2715 1451 2790 d(ue)
1466 2715 1538 2790 R(o·

204 2816 379 2890 manorum),
408 2829 441 2874 ut
462 2817 589 2894 exposui
611 2818 641 2875 in
664 2816 771 2876 Salleti
794 2817 983 2894 ephemeride
1005 2817 1215 2875 numismatica
1237 2817 1331 2875 vote
1353 2836 1381 2893 p.
1399 2816 1459 2875 229
1473 2835 1537 2894 seq.

202 2914 282 2975 Nam
310 2918 352 2975 ita
373 2919 542 2995 explicatur
563 2929 593 2977 et
614 2919 725 2995 duplex
747 2919 850 2995 lingua
872 2919 950 2976 tituli
973 2927 1002 2976 et
1024 2925 1119 2975 mater
1139 2918 1203 2976 lilio
1225 2920 1408 2994 praeposite,
1431 2937 1540 2977 conre-

203 3019 345 3094 niuntque
372 3027 492 3095 tempus
514 3031 544 3079 et
565 3022 657 3079 locus.
701 3020 842 3096 Denique
864 3019 968 3079 titulus
990 3020 1128 3078 inventus
1150 3020 1220 3077 item
1243 3022 1274 3078 in
1296 3022 1437 3097 Aegypto
1460 3023 1539 3081 ultra

202 3121 324 3179 Meroen
352 3120 425 3196 (vol.
442 3121 488 3179 111
509 3142 537 3179 n.
556 3121 623 3196 8,3):
652 3123 725 3180 dona
743 3125 865 3197 fortune
892 3124 1023 3179 dominae
1049 3125 1165 3196 rapinae
1186 3127 1216 3179 in
1237 3124 1338 3180 multos
1360 3142 1451 3182 annos
1466 3125 1536 3199 seli·

201 3225 288 3279 citer!
326 3222 443 3281 Venite
465 3223 737 3299 urbernenserlpr.
762 3226 808 3281 die
829 3224 895 3281 XV
913 3222 1022 3300 eidi(?)
1046 3224 1161 3282 Tacitae
1184 3224 1342 3282 videndum
1366 3234 1425 3295 est,
1448 3245 1485 3284 ne
1507 3235 1538 3284 et
1579 3275 1581 3279 ,

200 3324 267 3398 ipse
294 3322 331 3379 ad
354 3324 514 3383 Zenobiam
539 3326 699 3400 pertineat,
726 3329 788 3384 slve
811 3325 880 3383 urbs
904 3324 1001 3382 Roma
1022 3324 1203 3401 intellegitur
1226 3325 1289 3384 sive
1312 3327 1536 3386 Alexandream

201 3423 245 3481 ita
266 3425 406 3483 scribenti
429 3427 582 3503 appellare
604 3427 724 3504 placuit.

201 3630 250 3691 34
277 3633 487 3692 Alexandreae
509 3653 571 3711 rep.
596 3635 635 3693 20
651 3635 717 3694 Iun.
740 3636 817 3694 1877
841 3637 872 3695 in
900 3638 996 3695 altero
1018 3636 1217 3694 obeliscorum
1241 3638 1378 3696 notorum
1405 3640 1460 3718 aab
1481 3659 1535 3698 no·

183 3734 189 3743 '
242 3734 321 3792 mine
342 3753 447 3793 acuum
464 3735 653 3812 Cleopatrae,
676 3738 764 3795 hodie
786 3739 886 3797 ablato
909 3738 979 3797 inde
999 3739 1030 3795 in
1046 3737 1240 3796 Britanniam.
1277 3735 1477 3817 ‘L’obelisque
1500 3744 1535 3801 de

242 3837 281 3893 20
299 3837 398 3893 uteres
426 3847 452 3894 et
478 3839 551 3895 demi
576 3841 761 3916 epea-pres
787 3841 822 3897 de
849 3839 978 3910 hauteur,
1005 3858 1036 3897 se
1061 3844 1186 3898 trouuait
1211 3852 1326 3900 seutenu
1348 3861 1409 3918 par
1434 3854 1535 3918 quatre

242 3929 377 4012 supporta
405 3942 455 4013 qui
481 3945 641 4015 reposer'ent
667 3959 718 3999 sur
743 3960 782 3998 un
809 3941 871 3998 bloc
897 3943 931 3998 de
955 3945 1052 4017 praeit
1073 3943 1107 4000 de
1131 3942 1264 4001 2ruttres
1287 3944 1320 4000 de
1342 3945 1462 4002 dautem
1482 3965 1534 4004 sur

243 4037 377 4096 2rnttres
402 4041 441 4097 87
456 4042 626 4100 cenrtntees
654 4044 689 4100 de
717 4043 832 4116 larqeur
860 4054 885 4101 et
912 4048 961 4118 qui
987 4047 1115 4119 reposeit
1142 4046 1292 4103 lui-nene
1317 4064 1369 4103 sur
1393 4065 1447 4104 une
1468 4065 1532 4106 eon·

241 4143 379 4197 struction
406 4141 440 4198 de
466 4147 535 4200 trois
561 4144 692 4217 pradins.
737 4144 798 4202 Des
826 4155 942 4219 quatres
968 4154 1104 4220 supporta
1132 4150 1194 4220 qui,
1222 4147 1241 4202 d
1269 4165 1302 4203 eu
1321 4148 1409 4222 juper
1427 4167 1486 4222 par
1509 4149 1534 4208 le

241 4241 304 4297 seul
325 4251 447 4312 restant,
475 4245 577 4301 e'tar'ent
599 4263 631 4303 en
653 4246 747 4315 metat,
770 4250 840 4304 trois
858 4250 1055 4321 paraissatent
1077 4252 1159 4305 avoir
1180 4248 1222 4306 e'te'
1241 4248 1363 4318 enleots,
1385 4252 1534 4324 peut-etro

241 4361 307 4400 sous
331 4342 361 4398 la
383 4344 556 4404 dontinutton
579 4348 682 4416 arada·
704 4366 740 4404 en
762 4349 801 4405 les
824 4352 904 4404 aucit
924 4347 1080 4423 remplace's
1102 4350 1120 4404 d
1144 4350 1173 4406 le
1196 4349 1261 4407 luite
1277 4368 1338 4424 pur
1359 4351 1407 4407 cles
1421 4355 1533 4426 pierres

243 4445 421 4514 ordinaires;
444 4446 469 4502 le
492 4449 645 4521 quatritme
666 4458 788 4524 support
808 4467 875 4506 sous
899 4448 1004 4524 l’anyle
1021 4448 1052 4506 S.
1071 4447 1104 4507 S.
1123 4449 1157 4508 O.
1181 4451 1215 4507 de
1237 4449 1407 4526 tutelaque,
1431 4451 1535 4510 aaut

240 4545 325 4620 qu'orr
351 4543 401 4601 n’u
424 4565 483 4622 pes
506 4569 550 4625 pu
576 4568 613 4607 ou
639 4548 722 4624 qu’an
746 4549 797 4608 n'a
823 4569 878 4625 pas
906 4553 954 4609 ost
980 4551 1106 4620 eulmen·
1126 4551 1160 4609 de
1182 4571 1257 4627 peur
1285 4553 1319 4611 de
1344 4555 1407 4610 vair
1430 4556 1534 4614 tumber

242 4647 273 4704 la
294 4666 387 4706 messe
409 4647 519 4707 enorrne
541 4651 580 4707 du
601 4651 762 4721 ruonolr'tlre,
793 4663 833 4711 est
855 4653 986 4710 d’ancien
1009 4656 1111 4711 cuiere.
1156 4653 1187 4710 Il
1208 4655 1366 4729 representa
1387 4673 1426 4712 uu
1449 4656 1533 4714 erube

240 4750 343 4807 rauche
370 4769 421 4809 sur
448 4750 472 4808 le
499 4750 562 4808 dloc
590 4753 625 4809 de
648 4757 760 4828 prurit,
791 4765 816 4813 et
837 4764 956 4829 portant
982 4772 1034 4812 sur
1063 4756 1089 4813 le
1115 4756 1168 4814 dos
1194 4774 1248 4814 une
1274 4756 1375 4816 macie
1401 4775 1438 4814 ou
1461 4775 1532 4832 pros

240 4849 316 4921 cleu,
347 4855 396 4926 qui
425 4863 501 4911 entre
533 4854 712 4911 audeseous
741 4857 776 4912 de
810 4856 840 4914 la
872 4874 957 4914 cerne
989 4856 1027 4913 du
1060 4857 1226 4926 monolitlu5
1260 4858 1299 4915 les
1333 4862 1402 4917 trois
1435 4869 1532 4918 autres

239 4963 385 5026 supporta,
409 4953 473 5026 ded
495 4956 603 5013 euleue's
626 4965 651 5012 et
671 4955 882 5032 neptiqemment
903 4958 1059 5033 renuptaede
1078 4977 1139 5034 par
1161 4960 1209 5017 des
1227 4963 1339 5034 pierres
1361 4961 1531 5034 ordinaires,

239 5054 369 5112 deeuiem
398 5056 454 5112 e'tre
482 5056 515 5112 de
543 5057 573 5114 le
600 5057 684 5115 mene
703 5061 799 5134 sarrire
826 5068 852 5117 et
877 5060 912 5117 de
938 5060 968 5116 la
993 5061 1079 5118 rne‘rne
1106 5064 1238 5130 mettere
1260 5061 1359 5136 place's
1382 5080 1439 5119 auu
1462 5068 1530 5122 trois

241 5165 336 5213 autres
364 5159 452 5226 coins,
480 5157 517 5214 ila
544 5162 726 5231 soutener'ent,
754 5178 821 5218 arec
850 5161 875 5218 le
901 5163 1065 5236 quaeritne,
1092 5161 1263 5239 l’edtlisque,
1290 5182 1357 5223 sans
1381 5164 1406 5222 te
1428 5165 1531 5223 luisser
