3474 5812
226 453 300 525 488
683 475 836 527 nummu
863 475 1097 527 rourumnna

225 666 320 706 annos
335 646 427 705 XLII
454 647 581 706 efficitur
602 667 640 706 ex
662 650 792 707 carmine
814 649 954 726 septimo;
982 650 1094 708 vixisse
1116 649 1268 707 mulierem
1291 667 1386 708 anuos
1401 649 1494 707 LXII
1517 669 1561 708 ex

225 749 330 808 decimi
359 749 491 825 vestigiis
512 749 673 809 Kaibelius
700 751 892 828 probabiliter
918 751 1047 828 collegit.
1090 751 1251 810 Praeterea
1275 751 1334 808 duo
1356 760 1471 810 tautum
1494 753 1561 810 loci

227 859 307 923 suut,
330 851 366 910 de
388 853 496 928 quibus
517 854 612 912 habeo
635 853 714 930 quod
737 854 854 924 addam,
876 853 1034 912 formulam
1056 855 1123 912 dico
1145 854 1223 912 tituli
1245 854 1374 929 sepulcri
1396 854 1492 931 ipsius
1511 853 1559 929 (I)

224 964 352 1030 atquae
373 953 458 1012 titulo
474 954 548 1012 XIV
569 955 605 1012 de
628 955 742 1014 Iunone
764 957 912 1032 leguntur.
948 956 989 1013 Et
1010 957 1048 1014 ad
1069 956 1152 1015 illam
1174 955 1252 1032 quod
1275 957 1380 1014 attinet
1393 957 1561 1032 Adolphus

224 1055 384 1134 Kiessliug
412 1056 530 1134 collega
559 1055 846 1135 Gryphisvaldensis
875 1057 911 1115 de
941 1058 1034 1117 titulis
1063 1059 1111 1117 his
1138 1059 1338 1135 iuterrogatus
1367 1076 1426 1117 nou
1455 1059 1561 1116 miuus

225 1159 311 1217 docte
349 1175 438 1236 quam
473 1168 559 1217 acute
574 1145 578 1154 ¹
595 1160 736 1219 iudicavit
770 1161 841 1218 mihi
874 1160 1034 1219 Philoxeni
1068 1161 1216 1236 quandam
1251 1160 1383 1237 glossam
1410 1160 1559 1235 (Vulcan.

224 1281 253 1337 p.
269 1261 341 1337 147)
367 1257 484 1319 ‘obuat
511 1248 610 1341 ἆμβιξ
635 1259 663 1318 ἓν
690 1250 714 1339 ᾤ’
736 1264 793 1322 τοῖς
815 1264 917 1343 νεκροῖς
939 1253 1127 1334 σπὲνδουσιν’,
1152 1263 1202 1322 ubi
1229 1264 1353 1321 obuam
1376 1263 1560 1322 vocabulum

224 1373 326 1441 aperte
348 1364 536 1440 peregrinum
557 1367 666 1423 mutari
687 1366 752 1443 ipse
776 1374 855 1424 vetat
876 1366 1040 1423 litterarum
1063 1365 1145 1423 ordo.
1179 1366 1216 1423 In
1237 1365 1324 1422 titulo
1346 1373 1444 1423 autem
1461 1385 1560 1423 unum

224 1467 296 1542 quin
314 1465 489 1524 vocabulum
512 1466 551 1524 sit
573 1466 701 1526 dubitari
723 1475 880 1543 propterea
901 1468 1012 1543 nequit,
1034 1467 1114 1544 quod
1136 1467 1274 1544 singulae
1294 1467 1410 1526 litterae
1432 1469 1558 1544 punctis

224 1587 285 1627 non
307 1568 463 1628 distinctae
485 1569 662 1644 compendia
676 1569 835 1626 verborum
857 1569 959 1628 nescio
981 1588 1058 1645 quae
1074 1588 1139 1635 non
1155 1576 1281 1646 possunt
1295 1570 1455 1628 continere.
1494 1570 1560 1627 Ita-

224 1689 282 1747 que
314 1690 415 1729 verum
450 1671 561 1730 vidisse
599 1681 670 1748 puto
701 1671 920 1747 Kiessliugium
955 1673 1131 1749 videturque
1163 1672 1274 1730 oboos
1307 1672 1333 1729 is
1366 1671 1448 1729 locus
1482 1671 1558 1742 dici,

224 1773 276 1833 ubi
302 1773 400 1844 obuia,
430 1773 460 1830 id
486 1784 533 1832 est
559 1775 681 1850 poculis,
711 1774 870 1832 libationes
896 1775 1075 1833 mortuariae
1103 1773 1226 1849 fiunt1).
1269 1775 1305 1832 Iu
1327 1774 1557 1852 epigrammatis

224 1883 330 1952 quarto
356 1886 386 1934 et
411 1883 498 1934 sexto
525 1875 641 1934 decimo
666 1877 765 1953 ipsum
791 1877 961 1953 sepulcrum
988 1876 1131 1952 templum
1153 1877 1330 1953 appellatur.
1351 1909 1392 1917 —
1416 1875 1558 1933 Litterae

225 1978 390 2055 singulares
412 1978 520 2054 quibus
543 1978 648 2037 titulus
672 1978 819 2037 clauditur
841 1993 946 2036 mss
969 1987 1038 2037 sunt
1059 1998 1097 2036 ex
1120 1997 1373 2048 numerosarum,
1396 1996 1472 2054 quae
1489 1997 1557 2035 cer-

224 2087 284 2139 tam
300 2080 573 2157 interpretationem
589 2081 684 2140 adhuc
699 2090 871 2156 expectaut3
893 2091 1018 2156 possunt
1033 2098 1104 2140 sane
1119 2081 1286 2158 significare
1301 2080 1449 2155 m(aritaa)
1465 2080 1555 2154 s(ua)

223 2182 385 2258 p(ectmiu),
412 2182 466 2240 sed
493 2183 570 2241 aliae
595 2201 714 2260 quoque
739 2183 957 2258 explicationes
985 2202 1078 2259 aeque
1105 2183 1276 2260 probabiles
1298 2183 1462 2260 excogitari
1487 2194 1557 2259 pot-

223 2293 323 2356 erunt,
351 2294 383 2343 ut
410 2285 445 2342 de
472 2285 554 2344 nulla
581 2287 654 2344 satia
681 2293 805 2345 constet.
828 2318 865 2327 —
894 2285 928 2343 lu
954 2285 1084 2344 carmine
1102 2285 1179 2344 XIV
1200 2286 1225 2344 si
1248 2286 1319 2360 quid
1341 2285 1427 2342 video
1449 2294 1559 2342 errant

223 2394 284 2445 tam
313 2388 364 2462 qui
395 2387 432 2446 de
459 2388 614 2463 apotheosi
640 2388 742 2446 nescio
768 2405 829 2463 qua
855 2387 1034 2465 Pomptillae
1064 2388 1094 2445 id
1125 2388 1274 2463 accipiunt
1302 2406 1390 2463 quam
1417 2387 1467 2461 qui
1498 2404 1558 2463 pro

223 2490 344 2548 numius
376 2506 483 2547 nomen
517 2491 715 2562 substituuut;
748 2490 838 2549 immo
868 2490 925 2547 hoc
955 2491 1079 2549 maritus
1110 2490 1181 2548 dicit
1210 2490 1353 2548 Iunonem
1385 2508 1460 2564 quae
1498 2489 1558 2546 fuit

223 2586 402 2666 Pomptillae
434 2591 530 2662 rivae,
565 2591 597 2648 id
630 2602 675 2650 est
706 2593 834 2669 genium,
866 2593 925 2650 iam
958 2593 1077 2649 numine
1109 2601 1204 2650 morte
1236 2592 1301 2650 eius
1334 2599 1447 2649 mutato
1483 2609 1557 2648 con·

224 2710 341 2751 versam
364 2709 430 2752 esse
457 2694 488 2750 in
508 2693 653 2752 Iunonem
675 2695 830 2765 infernam,
856 2694 903 2754 vel
926 2703 957 2752 ut
978 2694 1097 2752 brevius
1119 2694 1215 2753 dIcam
1237 2694 1344 2752 Iunoni
1367 2693 1557 2751 successisse

223 2794 295 2853 deos
322 2795 436 2853 Manes.
457 2828 498 2839 -
527 2794 721 2871 Pomptillam
751 2804 848 2854 autem
877 2815 945 2854 cum
973 2797 1097 2854 maritus
1123 2805 1223 2854 narret
1248 2797 1405 2854 devovisse
1432 2813 1467 2854 ae
1496 2814 1556 2870 pro

225 2897 285 2954 vita
306 2897 364 2972 ipsi
387 2896 544 2968 servanda,
566 2899 675 2974 poterit
696 2899 746 2973 qui
769 2898 849 2956 volet
871 2899 944 2957 duos
966 2917 1089 2976 angues,
1112 2899 1162 2974 qui
1185 2917 1277 2975 supra
1299 2897 1465 2974 sepulcrum
1490 2915 1557 2954 cer-

224 3007 341 3070 nuntur,
369 3017 548 3076 componere
574 3019 640 3058 cum
665 3000 831 3059 narratione
854 3001 890 3057 dc
912 3000 960 3058 Ti.
985 2998 1121 3059 Graccho
1143 3011 1174 3059 et
1196 3020 1288 3059 uxore
1311 3001 1374 3058 eius
1397 2999 1556 3058 Cornelia.

223 3102 319 3159 Aiunt
334 3102 422 3173 enim,
446 3111 477 3159 ut
492 3102 567 3161 inter
580 3103 657 3161 alios
675 3101 779 3161 Cicero
795 3103 886 3161 refert
907 3102 959 3177 (de
974 3103 1032 3160 dlv.
1051 3105 1077 3174 1,
1095 3103 1142 3175 18,
1160 3103 1223 3177 36),
1247 3101 1416 3162 Gracchum
1432 3102 1556 3160 duobus

224 3205 371 3280 anguibus
388 3205 468 3263 domi
483 3207 706 3282 comprehensis
722 3205 897 3281 haruspices
914 3205 949 3262 de
965 3223 1000 3261 ea
1015 3225 1046 3262 re
1062 3204 1260 3274 consuluisse3
1276 3206 1327 3280 qui
1343 3222 1407 3262 cum
1423 3222 1556 3280 respon-

223 3306 348 3377 dissent,
374 3308 398 3364 si
422 3327 531 3365 marem
553 3308 713 3378 emmisset,
741 3307 828 3366 uxori
850 3307 930 3365 brevi
954 3314 1086 3383 tempore
1108 3306 1292 3365 moriendum
1314 3324 1389 3374 esse,
1417 3307 1442 3364 si
1466 3307 1558 3363 femi-

223 3428 303 3479 nam,
325 3409 394 3484 ipsi,
417 3410 557 3468 laminam
580 3410 718 3467 emisisse
740 3420 770 3467 et
791 3418 860 3484 post
880 3427 992 3486 paucos
1014 3408 1076 3466 dies
1099 3409 1218 3467 obiisse.
1263 3407 1320 3468 Sed
1343 3428 1402 3466 non
1424 3407 1557 3466 deerunt

224 3511 359 3569 homines
381 3513 477 3570 severi
505 3514 556 3586 qui
583 3529 694 3587 angues
716 3511 784 3568 illos
804 3519 925 3587 cryptae
946 3511 1112 3585 viperarum
1134 3529 1297 3586 eponymos
1318 3530 1377 3568 non
1400 3529 1438 3566 ex
1462 3528 1558 3584 peue-

224 3613 349 3672 tralibus
377 3614 450 3670 iuris
479 3615 570 3682 sacri,
604 3614 655 3671 sed
686 3633 723 3671 ex
754 3613 912 3671 caelatoris
944 3613 1012 3671 lusu
1045 3614 1188 3688 originem
1216 3614 1331 3670 trahere
1359 3612 1558 3686 contendant,

223 3715 385 3793 prudenter
406 3733 478 3773 saue
500 3733 519 3771 a
538 3715 686 3791 profunda
709 3715 843 3773 doctrina
865 3714 922 3772 sibi
944 3711 1102 3773 caventes'.

307 3919 459 3979 Hactenus
482 3920 693 3979 Mommsenus.
737 3917 880 3997 Superest
907 3931 939 3977 ut
966 3921 1048 3996 ipsas
1072 3920 1279 3994 inscriptiones
1307 3920 1492 3992 adscribam,
1522 3929 1559 3978 ut

224 4042 275 4082 eas
297 4023 402 4099 excepi
424 4021 559 4080 adiutore
575 4023 768 4081 Mommseno.
807 4021 940 4082 Graecas
962 4030 1101 4097 quattuor
1119 4024 1164 4080 10.
1185 4025 1231 4079 11.
1251 4024 1296 4094 lb.
1316 4022 1352 4079 16
1376 4040 1450 4079 sane
1473 4023 1558 4081 lace·

224 4144 273 4184 ras
300 4145 356 4203 ego
383 4125 495 4200 primus
522 4125 630 4183 addidi.
675 4125 787 4184 Omnes
814 4126 869 4182 etsi
897 4143 993 4199 neque
1020 4124 1057 4181 ab
1080 4125 1247 4200 argumenti
1271 4124 1411 4181 varietate
1435 4144 1493 4183 nec
1518 4128 1559 4184 ab

224 4229 297 4285 artis
329 4232 512 4305 praestantia
544 4229 794 4296 commendantur,
828 4235 925 4285 tamen
958 4228 1032 4283 satis
1060 4226 1212 4303 singulare
1240 4226 1398 4300 coniugum
1428 4228 1560 4300 pietatis

223 4329 392 4407 exemplum
415 4330 574 4388 nobilitant
596 4339 683 4405 atque
696 4329 875 4387 inlustrant
919 4329 1045 4386 Videtur
1066 4341 1165 4385 autem
1186 4327 1350 4403 Pomptilla
1371 4327 1480 4386 Parcis
1504 4350 1561 4388 ex·

223 4431 315 4489 oratis
338 4452 392 4509 pro
408 4432 549 4509 Philippo
566 4432 631 4488 vivo
654 4441 779 4488 mortem
801 4430 939 4500 subiisse,
962 4440 1102 4504 quantum
1126 4429 1245 4505 quidem
1268 4450 1305 4487 ex
1329 4429 1433 4505 templi
1458 4438 1563 4490 struc-

224 4543 291 4591 tura
317 4543 346 4591 et
371 4553 409 4591 ex
436 4535 601 4590 litterarum
628 4533 730 4591 formis
757 4534 896 4609 colligere
923 4537 1033 4604 ausim,
1060 4533 1192 4590 secundo
1215 4532 1275 4590 fera
1297 4551 1325 4606 p.
1342 4532 1412 4590 Chr.
1431 4552 1462 4588 n.
1488 4550 1564 4592 sae-

223 4637 306 4706 culo,
338 4646 369 4693 ut
398 4640 455 4692 iam
486 4636 537 4711 qui
565 4634 704 4694 Cassium
734 4636 906 4713 Philippum
935 4656 973 4693 ex
1001 4634 1070 4693 urbe
1100 4635 1217 4692 exulem
1246 4655 1283 4691 ex
1311 4634 1421 4691 tradita
1452 4655 1564 4695 rerum

223 4738 366 4797 memoria
392 4738 629 4814 investigandum
656 4739 823 4813 suscipiant
848 4738 877 4794 in
903 4737 950 4794 his
978 4737 1201 4812 angustioribus
1228 4735 1410 4794 coniectandi
1439 4738 1566 4800 finibus

224 4859 292 4900 sese
314 4841 464 4898 continere
487 4850 631 4916 oporteat.
668 4841 703 4896 In
718 4827 908 4897 restituendis
931 4849 960 4896 ct
982 4838 1142 4915 explendis
1163 4838 1340 4897 carminibus
1357 4836 1483 4897 Latinis
1501 4862 1567 4903 nos

224 4943 338 5003 adiuvit
352 4942 429 5001 iuter
444 4941 520 4999 alios
536 4941 716 5000 Franciscus
732 4940 911 5011 Buecheler3
936 4938 1055 5000 Graeca
1074 4942 1202 5000 restituit
1217 4939 1364 5015 Georgius
1379 4939 1568 5006 Kaibelius.

321 5109 344 5170 ¹)
372 5112 509 5174 Inscriptio
529 5110 657 5158 Africana
674 5111 723 5159 rol.
737 5111 805 5160 v111
824 5127 849 5160 u.
865 5112 948 5160 2475:
973 5109 1029 5158 eblo
1050 5108 1080 5158 P.
1101 5108 1176 5169 Hali)
1199 5107 1360 5158 Macedonia:
1381 5109 1479 5172 saxa)
1502 5116 1572 5176 αρι-

224 5202 280 5262 aar)
300 5197 394 5250 XXX:
413 5200 506 5268 capula
517 5200 594 5266 suctu
605 5201 706 5267 fratres
718 5203 799 5270 ipsias
812 5219 872 5253 uum
886 5203 935 5253 hnc
948 5203 1008 5252 item
1022 5203 1154 5266 pertineat,
1175 5202 1278 5266 ambigo
1292 5216 1375 5266 neque
1388 5216 1422 5251 ea
1436 5204 1574 5261 lectionis

225 5295 285 5346 satls
305 5301 452 5345 causaest.
