<?xml version="1.0" encoding="UTF-8"?>
<!DOCTYPE html PUBLIC "-//W3C//DTD XHTML 1.0 Transitional//EN"
    "http://www.w3.org/TR/xhtml1/DTD/xhtml1-transitional.dtd">
<html xmlns="http://www.w3.org/1999/xhtml" xml:lang="en" lang="en">
 <head>
  <title>
</title>
<meta http-equiv="Content-Type" content="text/html;charset=utf-8" />
  <meta name='ocr-system' content='tesseract 3.04.00' />
  <meta name='ocr-capabilities' content='ocr_page ocr_carea ocr_par ocr_line ocrx_word'/>
</head>
<body>
  <div class='ocr_page' id='page_1' title='image "./ephemerisepigra05instgoog_0012.png"; bbox 0 0 3474 5812; ppageno 0'>
   <div class='ocr_carea' id='block_1_1' title="bbox 482 1589 1033 1869">
    <p class='ocr_par' dir='ltr' id='par_1_1' title="bbox 482 1589 1033 1869">
     <span class='ocr_line' id='line_1_1' title="bbox 528 1589 988 1704; baseline 0.004 -2"><span class='ocrx_word' id='word_1_1' title='bbox 528 1589 988 1704; x_wconf 82' lang='lat' dir='ltr'>ADDlThMllNTh</span> 
     </span>
     <span class='ocr_line' id='line_1_2' title="bbox 482 1790 1033 1869; baseline 0.004 -4"><span class='ocrx_word' id='word_1_2' title='bbox 482 1790 550 1866; x_wconf 76' lang='lat' dir='ltr'>no</span> <span class='ocrx_word' id='word_1_3' title='bbox 579 1791 823 1869; x_wconf 77' lang='lat' dir='ltr'>corrosis</span> <span class='ocrx_word' id='word_1_4' title='bbox 850 1792 963 1869; x_wconf 79' lang='lat' dir='ltr'>von.</span> <span class='ocrx_word' id='word_1_5' title='bbox 988 1793 1033 1867; x_wconf 86' lang='grc' dir='ltr'>ιι.</span> 
     </span>
    </p>
   </div>
   <div class='ocr_carea' id='block_1_2' title="bbox 87 2107 1538 2882">
    <p class='ocr_par' dir='ltr' id='par_1_2' title="bbox 87 2107 1538 2882">
     <span class='ocr_line' id='line_1_3' title="bbox 91 2107 1427 2269; baseline 0.004 -22"><span class='ocrx_word' id='word_1_6' title='bbox 91 2107 272 2250; x_wconf 87' lang='lat' dir='ltr'>Dresdac</span> <span class='ocrx_word' id='word_1_7' title='bbox 295 2190 325 2250; x_wconf 90' lang='lat' dir='ltr'>in</span> <span class='ocrx_word' id='word_1_8' title='bbox 348 2191 529 2250; x_wconf 83' lang='lat' dir='ltr'>bibliotheca</span> <span class='ocrx_word' id='word_1_9' title='bbox 551 2191 670 2268; x_wconf 88' lang='lat' dir='ltr'>publica</span> <span class='ocrx_word' id='word_1_10' title='bbox 690 2190 730 2265; x_wconf 85' lang='lat' dir='ltr'>(F</span> <span class='ocrx_word' id='word_1_11' title='bbox 749 2192 821 2269; x_wconf 72' lang='lat'>128)</span> <span class='ocrx_word' id='word_1_12' title='bbox 837 2201 973 2252; x_wconf 86' lang='lat' dir='ltr'>servatur</span> <span class='ocrx_word' id='word_1_13' title='bbox 994 2194 1071 2252; x_wconf 91' lang='lat' dir='ltr'>liber</span> <span class='ocrx_word' id='word_1_14' title='bbox 1093 2193 1224 2263; x_wconf 88' lang='lat' dir='ltr'>saeculo,</span> <span class='ocrx_word' id='word_1_15' title='bbox 1246 2203 1280 2252; x_wconf 92' lang='lat' dir='ltr'>ut</span> <span class='ocrx_word' id='word_1_16' title='bbox 1301 2194 1427 2267; x_wconf 88' lang='lat' dir='ltr'>videtur,</span> 
     </span>
     <span class='ocr_line' id='line_1_4' title="bbox 90 2292 1427 2372; baseline 0.002 -21"><span class='ocrx_word' id='word_1_17' title='bbox 90 2292 184 2352; x_wconf 79' lang='lat' dir='ltr'>xvn</span> <span class='ocrx_word' id='word_1_18' title='bbox 207 2294 269 2351; x_wconf 84' lang='lat' dir='ltr'>fere</span> <span class='ocrx_word' id='word_1_19' title='bbox 297 2293 394 2351; x_wconf 89' lang='lat' dir='ltr'>medio</span> <span class='ocrx_word' id='word_1_20' title='bbox 422 2294 452 2351; x_wconf 91' lang='lat' dir='ltr'>in</span> <span class='ocrx_word' id='word_1_21' title='bbox 475 2294 564 2351; x_wconf 89' lang='lat' dir='ltr'>Italia</span> <span class='ocrx_word' id='word_1_22' title='bbox 592 2294 723 2370; x_wconf 87' lang='lat' dir='ltr'>scriptus</span> <span class='ocrx_word' id='word_1_23' title='bbox 751 2295 826 2353; x_wconf 89' lang='lat' dir='ltr'>satis</span> <span class='ocrx_word' id='word_1_24' title='bbox 854 2295 1053 2371; x_wconf 78' lang='lat' dir='ltr'>neglegenter,</span> <span class='ocrx_word' id='word_1_25' title='bbox 1081 2315 1168 2372; x_wconf 86' lang='lat' dir='ltr'>quem</span> <span class='ocrx_word' id='word_1_26' title='bbox 1190 2296 1262 2354; x_wconf 91' lang='lat' dir='ltr'>mihi</span> <span class='ocrx_word' id='word_1_27' title='bbox 1285 2296 1427 2355; x_wconf 83' lang='lat' dir='ltr'>indicarit</span> 
     </span>
     <span class='ocr_line' id='line_1_5' title="bbox 91 2393 1425 2475; baseline 0.003 -23"><span class='ocrx_word' id='word_1_28' title='bbox 91 2394 246 2454; x_wconf 86' lang='lat' dir='ltr'>Francisci</span> <span class='ocrx_word' id='word_1_29' title='bbox 268 2393 431 2454; x_wconf 91' lang='lat' dir='ltr'>Schnorr</span> <span class='ocrx_word' id='word_1_30' title='bbox 450 2395 486 2454; x_wconf 91' lang='lat' dir='ltr'>de</span> <span class='ocrx_word' id='word_1_31' title='bbox 502 2393 673 2455; x_wconf 85' lang='lat' dir='ltr'>Carolsfeld</span> <span class='ocrx_word' id='word_1_32' title='bbox 689 2396 827 2455; x_wconf 86' lang='lat' dir='ltr'>officiosa</span> <span class='ocrx_word' id='word_1_33' title='bbox 838 2397 982 2455; x_wconf 89' lang='lat' dir='ltr'>sollertia.</span> <span class='ocrx_word' id='word_1_34' title='bbox 1020 2399 1188 2475; x_wconf 88' lang='lat' dir='ltr'>Inscriptus</span> <span class='ocrx_word' id='word_1_35' title='bbox 1204 2409 1252 2456; x_wconf 91' lang='lat' dir='ltr'>est</span> <span class='ocrx_word' id='word_1_36' title='bbox 1269 2399 1312 2456; x_wconf 91' lang='lat' dir='ltr'>ita</span> <span class='ocrx_word' id='word_1_37' title='bbox 1327 2399 1360 2474; x_wconf 85' lang='lat' dir='ltr'>(f.</span> <span class='ocrx_word' id='word_1_38' title='bbox 1378 2400 1425 2473; x_wconf 89' lang='lat' dir='ltr'>l):</span> 
     </span>
     <span class='ocr_line' id='line_1_6' title="bbox 92 2497 1427 2577; baseline 0.003 -24"><span class='ocrx_word' id='word_1_39' title='bbox 92 2497 139 2555; x_wconf 83' lang='lat' dir='ltr'>del</span> <span class='ocrx_word' id='word_1_40' title='bbox 164 2502 281 2574; x_wconf 73' lang='lat' dir='ltr'>ciapqio</span> <span class='ocrx_word' id='word_1_41' title='bbox 300 2500 379 2572; x_wconf 83' lang='lat' dir='ltr'>sotto</span> <span class='ocrx_word' id='word_1_42' title='bbox 406 2498 453 2556; x_wconf 85' lang='lat' dir='ltr'>del</span> <span class='ocrx_word' id='word_1_43' title='bbox 473 2498 556 2556; x_wconf 59' lang='lat' dir='ltr'>illvm</span> <span class='ocrx_word' id='word_1_44' title='bbox 578 2518 592 2555; x_wconf 81' lang='lat' dir='ltr'>c</span> <span class='ocrx_word' id='word_1_45' title='bbox 617 2499 683 2556; x_wconf 57' lang='grc' dir='ltr'>ΒΜ</span> <span class='ocrx_word' id='word_1_46' title='bbox 714 2499 801 2558; x_wconf 81' lang='lat' dir='ltr'>Cerci.</span> <span class='ocrx_word' id='word_1_47' title='bbox 831 2499 1041 2558; x_wconf 83' lang='lat' dir='ltr'>Alesaandrino</span> <span class='ocrx_word' id='word_1_48' title='bbox 1069 2501 1161 2577; x_wconf 82' lang='lat' dir='ltr'>lepato</span> <span class='ocrx_word' id='word_1_49' title='bbox 1188 2501 1345 2577; x_wconf 80' lang='lat' dir='ltr'>apostolico</span> <span class='ocrx_word' id='word_1_50' title='bbox 1373 2501 1427 2559; x_wconf 86' lang='lat' dir='ltr'>ulli</span> 
     </span>
     <span class='ocr_line' id='line_1_7' title="bbox 92 2599 1426 2678; baseline 0.003 -23"><span class='ocrx_word' id='word_1_51' title='bbox 92 2604 264 2657; x_wconf 68' lang='lat' dir='ltr'>cautissimi</span> <span class='ocrx_word' id='word_1_52' title='bbox 284 2603 316 2658; x_wconf 75' lang='grc' dir='ltr'>τι).</span> <span class='ocrx_word' id='word_1_53' title='bbox 337 2603 370 2658; x_wconf 82' lang='lat' dir='ltr'>di</span> <span class='ocrx_word' id='word_1_54' title='bbox 391 2601 529 2672; x_wconf 78' lang='lat' dir='ltr'><strong><em>Francia,</em></strong></span> <span class='ocrx_word' id='word_1_55' title='bbox 552 2599 673 2677; x_wconf 80' lang='lat' dir='ltr'>Spapna</span> <span class='ocrx_word' id='word_1_56' title='bbox 696 2620 710 2658; x_wconf 85' lang='lat' dir='ltr'>e</span> <span class='ocrx_word' id='word_1_57' title='bbox 730 2602 909 2678; x_wconf 75' lang='lat' dir='ltr'>Portopullo,</span> <span class='ocrx_word' id='word_1_58' title='bbox 938 2622 989 2661; x_wconf 81' lang='lat' dir='ltr'>cea</span> <span class='ocrx_word' id='word_1_59' title='bbox 1016 2603 1041 2660; x_wconf 83' lang='lat' dir='ltr'>lc</span> <span class='ocrx_word' id='word_1_60' title='bbox 1066 2607 1244 2662; x_wconf 64' lang='lat' dir='ltr'>auctorat-tour·</span> <span class='ocrx_word' id='word_1_61' title='bbox 1268 2602 1342 2660; x_wconf 84' lang='lat' dir='ltr'>delle</span> <span class='ocrx_word' id='word_1_62' title='bbox 1364 2621 1426 2660; x_wconf 83' lang='lat' dir='ltr'>cose</span> 
     </span>
     <span class='ocr_line' id='line_1_8' title="bbox 87 2692 1427 2780; baseline 0.003 -23"><span class='ocrx_word' id='word_1_63' title='bbox 87 2704 143 2776; x_wconf 78' lang='lat' dir='ltr'>piis</span> <span class='ocrx_word' id='word_1_64' title='bbox 166 2703 330 2778; x_wconf 81' lang='lat' dir='ltr'>principali</span> <span class='ocrx_word' id='word_1_65' title='bbox 356 2702 429 2759; x_wconf 82' lang='lat' dir='ltr'>delle</span> <span class='ocrx_word' id='word_1_66' title='bbox 455 2704 537 2773; x_wconf 73' lang='lat' dir='ltr'>citici,</span> <span class='ocrx_word' id='word_1_67' title='bbox 565 2712 638 2762; x_wconf 77' lang='lat' dir='ltr'>terre</span> <span class='ocrx_word' id='word_1_68' title='bbox 660 2723 674 2761; x_wconf 87' lang='lat' dir='ltr'>e</span> <span class='ocrx_word' id='word_1_69' title='bbox 697 2703 802 2780; x_wconf 75' lang='lat' dir='ltr'>luophi,</span> <span class='ocrx_word' id='word_1_70' title='bbox 826 2707 958 2762; x_wconf 85' lang='lat' dir='ltr'>descritto</span> <span class='ocrx_word' id='word_1_71' title='bbox 986 2706 1025 2762; x_wconf 86' lang='lat' dir='ltr'>da</span> <span class='ocrx_word' id='word_1_72' title='bbox 1048 2705 1091 2763; x_wconf 87' lang='lat' dir='ltr'>M.</span> <span class='ocrx_word' id='word_1_73' title='bbox 1116 2692 1179 2762; x_wconf 81' lang='lat' dir='ltr'>Gio.</span> <span class='ocrx_word' id='word_1_74' title='bbox 1202 2705 1334 2762; x_wconf 76' lang='lat' dir='ltr'>Bottiaia</span> <span class='ocrx_word' id='word_1_75' title='bbox 1356 2704 1427 2763; x_wconf 71' lang='grc' dir='ltr'>Γετι-</span> 
     </span>
     <span class='ocr_line' id='line_1_9' title="bbox 92 2797 1538 2882; baseline 0.004 -24"><span class='ocrx_word' id='word_1_76' title='bbox 92 2806 250 2862; x_wconf 74' lang='lat' dir='ltr'>termedo</span> <span class='ocrx_word' id='word_1_77' title='bbox 272 2805 427 2863; x_wconf 81' lang='lat' dir='ltr'>Fabriuno.</span> <span class='ocrx_word' id='word_1_78' title='bbox 472 2805 601 2863; x_wconf 85' lang='lat' dir='ltr'>Ioannes</span> <span class='ocrx_word' id='word_1_79' title='bbox 624 2805 763 2881; x_wconf 79' lang='lat' dir='ltr'>Baptista</span> <span class='ocrx_word' id='word_1_80' title='bbox 789 2807 839 2864; x_wconf 93' lang='lat' dir='ltr'>ille</span> <span class='ocrx_word' id='word_1_81' title='bbox 861 2805 1085 2864; x_wconf 86' lang='lat' dir='ltr'>Venturinus</span> <span class='ocrx_word' id='word_1_82' title='bbox 1113 2806 1327 2866; x_wconf 85' lang='lat' dir='ltr'>Fabrianensis</span> <span class='ocrx_word' id='word_1_83' title='bbox 1357 2808 1426 2882; x_wconf 91' lang='lat' dir='ltr'>quis</span> <span class='ocrx_word' id='word_1_84' title='bbox 1534 2797 1538 2802; x_wconf 65' lang='grc'>’</span> 
     </span>
    </p>
   </div>
   <div class='ocr_carea' id='block_1_3' title="bbox 66 2905 1428 5127">
    <p class='ocr_par' dir='ltr' id='par_1_3' title="bbox 66 2905 1428 5127">
     <span class='ocr_line' id='line_1_10' title="bbox 91 2905 1425 2985; baseline 0.003 -23"><span class='ocrx_word' id='word_1_85' title='bbox 91 2905 181 2963; x_wconf 82' lang='lat' dir='ltr'>luerit</span> <span class='ocrx_word' id='word_1_86' title='bbox 203 2906 337 2965; x_wconf 80' lang='lat' dir='ltr'><strong>declarat</strong></span> <span class='ocrx_word' id='word_1_87' title='bbox 358 2907 489 2982; x_wconf 79' lang='lat' dir='ltr'>epistula</span> <span class='ocrx_word' id='word_1_88' title='bbox 514 2907 616 2966; x_wconf 83' lang='lat' dir='ltr'>fratris</span> <span class='ocrx_word' id='word_1_89' title='bbox 638 2907 786 2966; x_wconf 86' lang='lat' dir='ltr'>Ludovici</span> <span class='ocrx_word' id='word_1_90' title='bbox 811 2906 1020 2983; x_wconf 85' lang='lat' dir='ltr'>(Venturini</span> <span class='ocrx_word' id='word_1_91' title='bbox 1043 2926 1074 2967; x_wconf 91' lang='lat' dir='ltr'>se</span> <span class='ocrx_word' id='word_1_92' title='bbox 1095 2910 1162 2984; x_wconf 89' lang='lat' dir='ltr'>ipse</span> <span class='ocrx_word' id='word_1_93' title='bbox 1183 2918 1343 2985; x_wconf 89' lang='lat' dir='ltr'>nuncupat,</span> <span class='ocrx_word' id='word_1_94' title='bbox 1366 2928 1425 2967; x_wconf 90' lang='lat' dir='ltr'>non</span> 
     </span>
     <span class='ocr_line' id='line_1_11' title="bbox 93 3007 1424 3087; baseline 0.003 -22"><span class='ocrx_word' id='word_1_95' title='bbox 93 3007 311 3084; x_wconf 79' lang='lat' dir='ltr'>Venturino)</span> <span class='ocrx_word' id='word_1_96' title='bbox 337 3009 376 3067; x_wconf 87' lang='lat' dir='ltr'>ad</span> <span class='ocrx_word' id='word_1_97' title='bbox 403 3011 529 3068; x_wconf 88' lang='lat' dir='ltr'>eundern</span> <span class='ocrx_word' id='word_1_98' title='bbox 552 3010 734 3068; x_wconf 86' lang='lat' dir='ltr'>cardinalem</span> <span class='ocrx_word' id='word_1_99' title='bbox 758 3010 837 3082; x_wconf 88' lang='lat' dir='ltr'>data,</span> <span class='ocrx_word' id='word_1_100' title='bbox 866 3030 943 3086; x_wconf 90' lang='lat' dir='ltr'>quae</span> <span class='ocrx_word' id='word_1_101' title='bbox 965 3012 1100 3086; x_wconf 89' lang='lat' dir='ltr'>sequitur</span> <span class='ocrx_word' id='word_1_102' title='bbox 1125 3011 1146 3069; x_wconf 87' lang='lat' dir='ltr'>s.</span> <span class='ocrx_word' id='word_1_103' title='bbox 1163 3010 1191 3069; x_wconf 80' lang='lat'>2.</span> <span class='ocrx_word' id='word_1_104' title='bbox 1231 3010 1307 3069; x_wconf 73' lang='lat' dir='ltr'>Fuit</span> <span class='ocrx_word' id='word_1_105' title='bbox 1326 3010 1424 3087; x_wconf 83' lang='lat' dir='ltr'>legum</span> 
     </span>
     <span class='ocr_line' id='line_1_12' title="bbox 92 3110 1427 3188; baseline 0.002 -21"><span class='ocrx_word' id='word_1_106' title='bbox 92 3110 199 3168; x_wconf 90' lang='lat' dir='ltr'>doctor</span> <span class='ocrx_word' id='word_1_107' title='bbox 219 3110 336 3186; x_wconf 87' lang='lat' dir='ltr'>iterque</span> <span class='ocrx_word' id='word_1_108' title='bbox 358 3112 388 3168; x_wconf 91' lang='lat' dir='ltr'>in</span> <span class='ocrx_word' id='word_1_109' title='bbox 408 3112 530 3170; x_wconf 85' lang='lat' dir='ltr'>cohorte</span> <span class='ocrx_word' id='word_1_110' title='bbox 552 3111 644 3188; x_wconf 86' lang='lat' dir='ltr'>legati</span> <span class='ocrx_word' id='word_1_111' title='bbox 667 3113 808 3186; x_wconf 85' lang='lat' dir='ltr'>suscepit,</span> <span class='ocrx_word' id='word_1_112' title='bbox 834 3120 865 3170; x_wconf 98' lang='grc' dir='ltr'>ιιι</span> <span class='ocrx_word' id='word_1_113' title='bbox 887 3114 1021 3183; x_wconf 81' lang='lat' dir='ltr'>serviret,</span> <span class='ocrx_word' id='word_1_114' title='bbox 1044 3123 1077 3170; x_wconf 91' lang='lat' dir='ltr'>ut</span> <span class='ocrx_word' id='word_1_115' title='bbox 1098 3113 1149 3184; x_wconf 88' lang='lat' dir='ltr'>ait,</span> <span class='ocrx_word' id='word_1_116' title='bbox 1176 3112 1320 3170; x_wconf 80' lang='lat' dir='ltr'>cardinali</span> <span class='ocrx_word' id='word_1_117' title='bbox 1343 3121 1373 3169; x_wconf 93' lang='lat' dir='ltr'>et</span> <span class='ocrx_word' id='word_1_118' title='bbox 1395 3122 1427 3170; x_wconf 92' lang='lat' dir='ltr'>ut</span> 
     </span>
     <span class='ocr_line' id='line_1_13' title="bbox 92 3213 1425 3291; baseline 0.001 -20"><span class='ocrx_word' id='word_1_119' title='bbox 92 3213 227 3272; x_wconf 89' lang='lat' dir='ltr'>discendi</span> <span class='ocrx_word' id='word_1_120' title='bbox 249 3214 439 3289; x_wconf 87' lang='lat' dir='ltr'>cupiditatem</span> <span class='ocrx_word' id='word_1_121' title='bbox 463 3214 607 3290; x_wconf 86' lang='lat' dir='ltr'>expleret.</span> <span class='ocrx_word' id='word_1_122' title='bbox 643 3213 753 3271; x_wconf 88' lang='lat' dir='ltr'>Latino</span> <span class='ocrx_word' id='word_1_123' title='bbox 776 3215 903 3291; x_wconf 89' lang='lat' dir='ltr'>primum</span> <span class='ocrx_word' id='word_1_124' title='bbox 926 3231 1063 3272; x_wconf 83' lang='lat' dir='ltr'>sermone</span> <span class='ocrx_word' id='word_1_125' title='bbox 1079 3213 1287 3289; x_wconf 89' lang='lat' dir='ltr'>ephemeridas</span> <span class='ocrx_word' id='word_1_126' title='bbox 1308 3214 1425 3272; x_wconf 89' lang='lat' dir='ltr'>itineris</span> 
     </span>
     <span class='ocr_line' id='line_1_14' title="bbox 92 3316 1426 3396; baseline 0 -23"><span class='ocrx_word' id='word_1_127' title='bbox 92 3317 282 3375; x_wconf 86' lang='lat' dir='ltr'>conscribere</span> <span class='ocrx_word' id='word_1_128' title='bbox 304 3317 417 3392; x_wconf 90' lang='lat' dir='ltr'>coepit;</span> <span class='ocrx_word' id='word_1_129' title='bbox 445 3316 498 3396; x_wconf 75' lang='lat' dir='ltr'>sed</span> <span class='ocrx_word' id='word_1_130' title='bbox 521 3325 641 3393; x_wconf 91' lang='lat' dir='ltr'>propter</span> <span class='ocrx_word' id='word_1_131' title='bbox 666 3316 886 3374; x_wconf 82' lang='lat' dir='ltr'>festinationem</span> <span class='ocrx_word' id='word_1_132' title='bbox 910 3335 978 3373; x_wconf 87' lang='lat' dir='ltr'>nrox</span> <span class='ocrx_word' id='word_1_133' title='bbox 1003 3316 1144 3394; x_wconf 87' lang='lat' dir='ltr'>praetulit</span> <span class='ocrx_word' id='word_1_134' title='bbox 1165 3316 1298 3391; x_wconf 88' lang='lat' dir='ltr'>linguam</span> <span class='ocrx_word' id='word_1_135' title='bbox 1322 3334 1426 3375; x_wconf 91' lang='lat' dir='ltr'>verna-</span> 
     </span>
     <span class='ocr_line' id='line_1_15' title="bbox 91 3415 1427 3494; baseline 0.001 -19"><span class='ocrx_word' id='word_1_136' title='bbox 91 3418 198 3477; x_wconf 87' lang='lat' dir='ltr'>culam.</span> <span class='ocrx_word' id='word_1_137' title='bbox 243 3417 291 3475; x_wconf 85' lang='lat' dir='ltr'>Ex</span> <span class='ocrx_word' id='word_1_138' title='bbox 320 3418 425 3475; x_wconf 89' lang='lat' dir='ltr'>itinere</span> <span class='ocrx_word' id='word_1_139' title='bbox 455 3417 551 3476; x_wconf 88' lang='lat' dir='ltr'>redux</span> <span class='ocrx_word' id='word_1_140' title='bbox 578 3418 609 3476; x_wconf 89' lang='lat' dir='ltr'>in</span> <span class='ocrx_word' id='word_1_141' title='bbox 631 3415 736 3477; x_wconf 83' lang='lat' dir='ltr'>Sicilia</span> <span class='ocrx_word' id='word_1_142' title='bbox 762 3419 900 3494; x_wconf 89' lang='lat' dir='ltr'>primum,</span> <span class='ocrx_word' id='word_1_143' title='bbox 929 3418 1035 3475; x_wconf 85' lang='lat' dir='ltr'>deinde</span> <span class='ocrx_word' id='word_1_144' title='bbox 1062 3418 1236 3476; x_wconf 88' lang='lat' dir='ltr'>Mediolanii</span> <span class='ocrx_word' id='word_1_145' title='bbox 1259 3417 1427 3493; x_wconf 85' lang='lat' dir='ltr'>Eporediae</span> 
     </span>
     <span class='ocr_line' id='line_1_16' title="bbox 92 3519 1424 3596; baseline 0.001 -20"><span class='ocrx_word' id='word_1_146' title='bbox 92 3519 242 3579; x_wconf 81' lang='lat' dir='ltr'>Vercellis</span> <span class='ocrx_word' id='word_1_147' title='bbox 268 3519 475 3596; x_wconf 90' lang='lat' dir='ltr'>episcoporum</span> <span class='ocrx_word' id='word_1_148' title='bbox 504 3519 584 3578; x_wconf 86' lang='lat' dir='ltr'>vices</span> <span class='ocrx_word' id='word_1_149' title='bbox 612 3520 680 3595; x_wconf 87' lang='lat' dir='ltr'>egit.</span> <span class='ocrx_word' id='word_1_150' title='bbox 724 3519 800 3578; x_wconf 90' lang='lat' dir='ltr'>Post</span> <span class='ocrx_word' id='word_1_151' title='bbox 826 3538 880 3578; x_wconf 83' lang='lat' dir='ltr'>sex</span> <span class='ocrx_word' id='word_1_152' title='bbox 906 3538 1002 3578; x_wconf 88' lang='lat' dir='ltr'>annos</span> <span class='ocrx_word' id='word_1_153' title='bbox 1031 3519 1213 3578; x_wconf 83' lang='lat' dir='ltr'>Fabrianum</span> <span class='ocrx_word' id='word_1_154' title='bbox 1239 3520 1268 3577; x_wconf 91' lang='lat' dir='ltr'>in</span> <span class='ocrx_word' id='word_1_155' title='bbox 1296 3521 1424 3596; x_wconf 89' lang='lat' dir='ltr'>patriam</span> 
     </span>
     <span class='ocr_line' id='line_1_17' title="bbox 90 3621 1426 3698; baseline -0.001 -17"><span class='ocrx_word' id='word_1_156' title='bbox 90 3641 230 3681; x_wconf 82' lang='lat' dir='ltr'>reversus</span> <span class='ocrx_word' id='word_1_157' title='bbox 262 3621 304 3679; x_wconf 92' lang='lat' dir='ltr'>ibi</span> <span class='ocrx_word' id='word_1_158' title='bbox 338 3629 408 3697; x_wconf 90' lang='lat' dir='ltr'>post</span> <span class='ocrx_word' id='word_1_159' title='bbox 439 3622 527 3680; x_wconf 88' lang='lat' dir='ltr'>unius</span> <span class='ocrx_word' id='word_1_160' title='bbox 560 3622 673 3680; x_wconf 89' lang='lat' dir='ltr'>mensis</span> <span class='ocrx_word' id='word_1_161' title='bbox 705 3622 840 3678; x_wconf 87' lang='lat' dir='ltr'>morbum</span> <span class='ocrx_word' id='word_1_162' title='bbox 875 3623 953 3679; x_wconf 91' lang='lat' dir='ltr'>diem</span> <span class='ocrx_word' id='word_1_163' title='bbox 985 3622 1069 3693; x_wconf 88' lang='lat' dir='ltr'>obiit,</span> <span class='ocrx_word' id='word_1_164' title='bbox 1102 3622 1276 3698; x_wconf 87' lang='lat' dir='ltr'>priusquam</span> <span class='ocrx_word' id='word_1_165' title='bbox 1310 3622 1426 3680; x_wconf 89' lang='lat' dir='ltr'>itineris</span> 
     </span>
     <span class='ocr_line' id='line_1_18' title="bbox 91 3723 1425 3802; baseline -0.001 -19"><span class='ocrx_word' id='word_1_166' title='bbox 91 3723 223 3802; x_wconf 85' lang='lat' dir='ltr'>Hispani</span> <span class='ocrx_word' id='word_1_167' title='bbox 248 3723 489 3800; x_wconf 85' lang='lat' dir='ltr'>descriptionem,</span> <span class='ocrx_word' id='word_1_168' title='bbox 516 3742 605 3799; x_wconf 89' lang='lat' dir='ltr'>quam</span> <span class='ocrx_word' id='word_1_169' title='bbox 634 3723 779 3782; x_wconf 86' lang='lat' dir='ltr'>edendam</span> <span class='ocrx_word' id='word_1_170' title='bbox 807 3723 862 3781; x_wconf 89' lang='lat' dir='ltr'>sibi</span> <span class='ocrx_word' id='word_1_171' title='bbox 890 3732 1098 3801; x_wconf 87' lang='lat' dir='ltr'>proposuerat,</span> <span class='ocrx_word' id='word_1_172' title='bbox 1125 3724 1157 3782; x_wconf 92' lang='lat' dir='ltr'>in</span> <span class='ocrx_word' id='word_1_173' title='bbox 1183 3724 1254 3782; x_wconf 90' lang='lat' dir='ltr'>iusti</span> <span class='ocrx_word' id='word_1_174' title='bbox 1277 3723 1346 3782; x_wconf 90' lang='lat' dir='ltr'>libri</span> <span class='ocrx_word' id='word_1_175' title='bbox 1367 3724 1425 3782; x_wconf 87' lang='lat' dir='ltr'>for-</span> 
     </span>
     <span class='ocr_line' id='line_1_19' title="bbox 91 3823 1427 3903; baseline -0.001 -17"><span class='ocrx_word' id='word_1_176' title='bbox 91 3845 174 3886; x_wconf 85' lang='lat' dir='ltr'>mam</span> <span class='ocrx_word' id='word_1_177' title='bbox 197 3826 331 3902; x_wconf 82' lang='lat' dir='ltr'>redigere</span> <span class='ocrx_word' id='word_1_178' title='bbox 358 3825 462 3903; x_wconf 89' lang='lat' dir='ltr'>potuit.</span> <span class='ocrx_word' id='word_1_179' title='bbox 507 3823 596 3898; x_wconf 84' lang='lat' dir='ltr'>Quod</span> <span class='ocrx_word' id='word_1_180' title='bbox 624 3843 699 3902; x_wconf 84' lang='lat' dir='ltr'>opus</span> <span class='ocrx_word' id='word_1_181' title='bbox 721 3826 813 3884; x_wconf 87' lang='lat' dir='ltr'>frater</span> <span class='ocrx_word' id='word_1_182' title='bbox 833 3827 876 3884; x_wconf 88' lang='lat' dir='ltr'>ita</span> <span class='ocrx_word' id='word_1_183' title='bbox 898 3826 1030 3901; x_wconf 87' lang='lat' dir='ltr'>perfecit,</span> <span class='ocrx_word' id='word_1_184' title='bbox 1061 3834 1092 3884; x_wconf 93' lang='lat' dir='ltr'>ut</span> <span class='ocrx_word' id='word_1_185' title='bbox 1114 3826 1321 3900; x_wconf 87' lang='lat' dir='ltr'>ephemeridas</span> <span class='ocrx_word' id='word_1_186' title='bbox 1343 3834 1427 3884; x_wconf 89' lang='lat' dir='ltr'>auto·</span> 
     </span>
     <span class='ocr_line' id='line_1_20' title="bbox 90 3927 1427 4007; baseline -0.002 -20"><span class='ocrx_word' id='word_1_187' title='bbox 90 3929 225 4007; x_wconf 85' lang='lat' dir='ltr'>graphas</span> <span class='ocrx_word' id='word_1_188' title='bbox 250 3928 441 3999; x_wconf 88' lang='lat' dir='ltr'>describeret,</span> <span class='ocrx_word' id='word_1_189' title='bbox 463 3929 494 3986; x_wconf 91' lang='lat' dir='ltr'>iu</span> <span class='ocrx_word' id='word_1_190' title='bbox 514 3927 664 3986; x_wconf 87' lang='lat' dir='ltr'>schedulis</span> <span class='ocrx_word' id='word_1_191' title='bbox 687 3927 795 3984; x_wconf 88' lang='lat' dir='ltr'>solutis</span> <span class='ocrx_word' id='word_1_192' title='bbox 819 3927 984 4003; x_wconf 89' lang='lat' dir='ltr'>perscripta</span> <span class='ocrx_word' id='word_1_193' title='bbox 1001 3928 1047 3985; x_wconf 78' lang='lat' dir='ltr'>vel</span> <span class='ocrx_word' id='word_1_194' title='bbox 1069 3936 1244 4003; x_wconf 87' lang='lat' dir='ltr'>praenotata</span> <span class='ocrx_word' id='word_1_195' title='bbox 1266 3931 1329 3984; x_wconf 89' lang='lat' dir='ltr'>suis</span> <span class='ocrx_word' id='word_1_196' title='bbox 1351 3928 1427 3985; x_wconf 91' lang='lat' dir='ltr'>locis</span> 
     </span>
     <span class='ocr_line' id='line_1_21' title="bbox 90 4028 1426 4105; baseline -0.002 -17"><span class='ocrx_word' id='word_1_197' title='bbox 90 4031 250 4101; x_wconf 85' lang='lat' dir='ltr'>insereret,</span> <span class='ocrx_word' id='word_1_198' title='bbox 272 4030 447 4105; x_wconf 86' lang='lat' dir='ltr'>imperfecta</span> <span class='ocrx_word' id='word_1_199' title='bbox 465 4029 623 4100; x_wconf 86' lang='lat' dir='ltr'>omitteret,</span> <span class='ocrx_word' id='word_1_200' title='bbox 646 4029 683 4087; x_wconf 90' lang='lat' dir='ltr'>de</span> <span class='ocrx_word' id='word_1_201' title='bbox 705 4047 760 4087; x_wconf 89' lang='lat' dir='ltr'>suo</span> <span class='ocrx_word' id='word_1_202' title='bbox 782 4048 852 4088; x_wconf 80' lang='lat' dir='ltr'>rere</span> <span class='ocrx_word' id='word_1_203' title='bbox 876 4028 951 4087; x_wconf 89' lang='lat' dir='ltr'>nihil</span> <span class='ocrx_word' id='word_1_204' title='bbox 974 4029 1103 4087; x_wconf 84' lang='lat' dir='ltr'>adderet.</span> <span class='ocrx_word' id='word_1_205' title='bbox 1141 4030 1177 4087; x_wconf 91' lang='lat' dir='ltr'>In</span> <span class='ocrx_word' id='word_1_206' title='bbox 1198 4031 1256 4087; x_wconf 91' lang='lat' dir='ltr'>fine</span> <span class='ocrx_word' id='word_1_207' title='bbox 1278 4028 1426 4104; x_wconf 87' lang='lat' dir='ltr'>epistulae</span> 
     </span>
     <span class='ocr_line' id='line_1_22' title="bbox 91 4130 1428 4208; baseline -0.001 -18"><span class='ocrx_word' id='word_1_208' title='bbox 91 4133 197 4190; x_wconf 76' lang='lat' dir='ltr'>fratris</span> <span class='ocrx_word' id='word_1_209' title='bbox 220 4132 393 4190; x_wconf 89' lang='lat' dir='ltr'>memoriam</span> <span class='ocrx_word' id='word_1_210' title='bbox 417 4150 508 4208; x_wconf 90' lang='lat' dir='ltr'>seque</span> <span class='ocrx_word' id='word_1_211' title='bbox 530 4131 745 4189; x_wconf 88' lang='lat' dir='ltr'>benivolentiae</span> <span class='ocrx_word' id='word_1_212' title='bbox 767 4131 928 4188; x_wconf 88' lang='lat' dir='ltr'>cardinalis</span> <span class='ocrx_word' id='word_1_213' title='bbox 951 4130 1151 4201; x_wconf 86' lang='lat' dir='ltr'>commendat,</span> <span class='ocrx_word' id='word_1_214' title='bbox 1179 4138 1209 4188; x_wconf 91' lang='lat' dir='ltr'>et</span> <span class='ocrx_word' id='word_1_215' title='bbox 1234 4131 1299 4206; x_wconf 90' lang='lat' dir='ltr'>ipse</span> <span class='ocrx_word' id='word_1_216' title='bbox 1322 4130 1428 4188; x_wconf 86' lang='lat' dir='ltr'>utillo</span> 
     </span>
     <span class='ocr_line' id='line_1_23' title="bbox 91 4231 1426 4309; baseline -0.003 -18"><span class='ocrx_word' id='word_1_217' title='bbox 91 4234 194 4309; x_wconf 83' lang='lat' dir='ltr'>legum</span> <span class='ocrx_word' id='word_1_218' title='bbox 222 4234 336 4292; x_wconf 88' lang='lat' dir='ltr'>doctor.</span> <span class='ocrx_word' id='word_1_219' title='bbox 385 4233 493 4292; x_wconf 89' lang='lat' dir='ltr'>Frater</span> <span class='ocrx_word' id='word_1_220' title='bbox 520 4233 651 4292; x_wconf 88' lang='lat' dir='ltr'>Michael</span> <span class='ocrx_word' id='word_1_221' title='bbox 680 4232 873 4305; x_wconf 88' lang='lat' dir='ltr'>Bonellus,</span> <span class='ocrx_word' id='word_1_222' title='bbox 902 4233 1063 4290; x_wconf 87' lang='lat' dir='ltr'>cardinalis</span> <span class='ocrx_word' id='word_1_223' title='bbox 1094 4231 1319 4290; x_wconf 81' lang='lat' dir='ltr'>Alexandrinus</span> <span class='ocrx_word' id='word_1_224' title='bbox 1348 4231 1426 4289; x_wconf 91' lang='lat' dir='ltr'>tituli</span> 
     </span>
     <span class='ocr_line' id='line_1_24' title="bbox 92 4333 1426 4413; baseline -0.004 -17"><span class='ocrx_word' id='word_1_225' title='bbox 92 4334 127 4396; x_wconf 86' lang='lat' dir='ltr'>S.</span> <span class='ocrx_word' id='word_1_226' title='bbox 143 4336 183 4393; x_wconf 81' lang='lat' dir='ltr'>M.</span> <span class='ocrx_word' id='word_1_227' title='bbox 200 4352 293 4412; x_wconf 89' lang='lat' dir='ltr'>supra</span> <span class='ocrx_word' id='word_1_228' title='bbox 307 4335 483 4405; x_wconf 81' lang='lat' dir='ltr'>Minervam,</span> <span class='ocrx_word' id='word_1_229' title='bbox 507 4335 594 4393; x_wconf 88' lang='lat' dir='ltr'>Pauli</span> <span class='ocrx_word' id='word_1_230' title='bbox 611 4335 640 4392; x_wconf 88' lang='lat' dir='ltr'><strong>V</strong></span> <span class='ocrx_word' id='word_1_231' title='bbox 660 4356 689 4413; x_wconf 93' lang='lat' dir='ltr'>p.</span> <span class='ocrx_word' id='word_1_232' title='bbox 706 4354 744 4392; x_wconf 89' lang='lat' dir='ltr'>m.</span> <span class='ocrx_word' id='word_1_233' title='bbox 768 4352 862 4411; x_wconf 88' lang='lat' dir='ltr'>nepos</span> <span class='ocrx_word' id='word_1_234' title='bbox 883 4353 921 4392; x_wconf 83' lang='lat' dir='ltr'>cx</span> <span class='ocrx_word' id='word_1_235' title='bbox 943 4352 1057 4406; x_wconf 90' lang='lat' dir='ltr'>sorore,</span> <span class='ocrx_word' id='word_1_236' title='bbox 1080 4334 1151 4409; x_wconf 91' lang='lat' dir='ltr'>quid</span> <span class='ocrx_word' id='word_1_237' title='bbox 1173 4333 1345 4392; x_wconf 87' lang='lat' dir='ltr'>tractaverit</span> <span class='ocrx_word' id='word_1_238' title='bbox 1359 4351 1426 4391; x_wconf 90' lang='lat' dir='ltr'>cum</span> 
     </span>
     <span class='ocr_line' id='line_1_25' title="bbox 66 4435 1426 4514; baseline -0.002 -19"><span class='ocrx_word' id='word_1_239' title='bbox 66 4464 70 4469; x_wconf 97' lang='lat'>·</span> <span class='ocrx_word' id='word_1_240' title='bbox 91 4438 216 4514; x_wconf 82' lang='lat' dir='ltr'>regibus</span> <span class='ocrx_word' id='word_1_241' title='bbox 232 4435 399 4514; x_wconf 85' lang='lat' dir='ltr'>Hispaniae</span> <span class='ocrx_word' id='word_1_242' title='bbox 413 4436 620 4514; x_wconf 85' lang='lat' dir='ltr'>Portugalliae</span> <span class='ocrx_word' id='word_1_243' title='bbox 635 4435 783 4495; x_wconf 87' lang='lat' dir='ltr'>Franciae</span> <span class='ocrx_word' id='word_1_244' title='bbox 798 4436 914 4493; x_wconf 85' lang='lat' dir='ltr'>videtur</span> <span class='ocrx_word' id='word_1_245' title='bbox 936 4444 1072 4495; x_wconf 88' lang='lat' dir='ltr'>constare</span> <span class='ocrx_word' id='word_1_246' title='bbox 1095 4436 1245 4494; x_wconf 86' lang='lat' dir='ltr'>historicis</span> <span class='ocrx_word' id='word_1_247' title='bbox 1267 4454 1306 4494; x_wconf 87' lang='lat' dir='ltr'>ex</span> <span class='ocrx_word' id='word_1_248' title='bbox 1328 4435 1426 4512; x_wconf 89' lang='lat' dir='ltr'>ipsius</span> 
     </span>
     <span class='ocr_line' id='line_1_26' title="bbox 89 4536 1427 4614; baseline -0.003 -17"><span class='ocrx_word' id='word_1_249' title='bbox 89 4539 299 4597; x_wconf 85' lang='lat' dir='ltr'>relationibus.</span> <span class='ocrx_word' id='word_1_250' title='bbox 343 4539 404 4597; x_wconf 90' lang='lat' dir='ltr'>Iter</span> <span class='ocrx_word' id='word_1_251' title='bbox 426 4557 497 4596; x_wconf 85' lang='lat' dir='ltr'>vero</span> <span class='ocrx_word' id='word_1_252' title='bbox 525 4556 585 4614; x_wconf 87' lang='lat' dir='ltr'>quo</span> <span class='ocrx_word' id='word_1_253' title='bbox 613 4536 702 4596; x_wconf 88' lang='lat' dir='ltr'>modo</span> <span class='ocrx_word' id='word_1_254' title='bbox 725 4538 888 4595; x_wconf 89' lang='lat' dir='ltr'>instituerit</span> <span class='ocrx_word' id='word_1_255' title='bbox 910 4537 1086 4609; x_wconf 87' lang='lat' dir='ltr'>cardinalis,</span> <span class='ocrx_word' id='word_1_256' title='bbox 1118 4555 1196 4613; x_wconf 88' lang='lat' dir='ltr'>quos</span> <span class='ocrx_word' id='word_1_257' title='bbox 1219 4554 1338 4613; x_wconf 89' lang='lat' dir='ltr'>quoque</span> <span class='ocrx_word' id='word_1_258' title='bbox 1360 4536 1427 4595; x_wconf 91' lang='lat' dir='ltr'>loco</span> 
     </span>
     <span class='ocr_line' id='line_1_27' title="bbox 93 4638 1428 4717; baseline -0.003 -18"><span class='ocrx_word' id='word_1_259' title='bbox 93 4642 179 4700; x_wconf 79' lang='lat' dir='ltr'>viros</span> <span class='ocrx_word' id='word_1_260' title='bbox 201 4641 323 4712; x_wconf 75' lang='lat' dir='ltr'>viderit,</span> <span class='ocrx_word' id='word_1_261' title='bbox 353 4658 440 4717; x_wconf 89' lang='lat' dir='ltr'>reges</span> <span class='ocrx_word' id='word_1_262' title='bbox 468 4641 586 4717; x_wconf 84' lang='lat' dir='ltr'>reginae</span> <span class='ocrx_word' id='word_1_263' title='bbox 614 4639 763 4717; x_wconf 82' lang='lat' dir='ltr'>principes</span> <span class='ocrx_word' id='word_1_264' title='bbox 799 4639 894 4697; x_wconf 90' lang='lat' dir='ltr'>nuntii</span> <span class='ocrx_word' id='word_1_265' title='bbox 924 4639 1048 4715; x_wconf 87' lang='lat' dir='ltr'>papales</span> <span class='ocrx_word' id='word_1_266' title='bbox 1075 4638 1207 4716; x_wconf 91' lang='lat' dir='ltr'>episcopi</span> <span class='ocrx_word' id='word_1_267' title='bbox 1237 4638 1347 4714; x_wconf 90' lang='lat' dir='ltr'>aliique</span> <span class='ocrx_word' id='word_1_268' title='bbox 1375 4639 1428 4695; x_wconf 91' lang='lat' dir='ltr'>ho·</span> 
     </span>
     <span class='ocr_line' id='line_1_28' title="bbox 91 4739 1427 4818; baseline -0.005 -15"><span class='ocrx_word' id='word_1_269' title='bbox 91 4744 190 4803; x_wconf 87' lang='lat' dir='ltr'>mines</span> <span class='ocrx_word' id='word_1_270' title='bbox 216 4743 396 4802; x_wconf 87' lang='lat' dir='ltr'>excellentes</span> <span class='ocrx_word' id='word_1_271' title='bbox 422 4760 510 4818; x_wconf 89' lang='lat' dir='ltr'>quem</span> <span class='ocrx_word' id='word_1_272' title='bbox 538 4743 576 4800; x_wconf 93' lang='lat' dir='ltr'>ad</span> <span class='ocrx_word' id='word_1_273' title='bbox 604 4743 724 4800; x_wconf 89' lang='lat' dir='ltr'>modum</span> <span class='ocrx_word' id='word_1_274' title='bbox 751 4761 818 4800; x_wconf 88' lang='lat' dir='ltr'>eum</span> <span class='ocrx_word' id='word_1_275' title='bbox 844 4741 1025 4817; x_wconf 87' lang='lat' dir='ltr'>receperint,</span> <span class='ocrx_word' id='word_1_276' title='bbox 1054 4759 1112 4817; x_wconf 91' lang='lat' dir='ltr'>quo</span> <span class='ocrx_word' id='word_1_277' title='bbox 1139 4740 1226 4797; x_wconf 89' lang='lat' dir='ltr'>modo</span> <span class='ocrx_word' id='word_1_278' title='bbox 1254 4739 1298 4797; x_wconf 92' lang='lat' dir='ltr'>illi</span> <span class='ocrx_word' id='word_1_279' title='bbox 1326 4740 1427 4797; x_wconf 87' lang='lat' dir='ltr'>vestiti</span> 
     </span>
     <span class='ocr_line' id='line_1_29' title="bbox 90 4841 1428 4926; baseline -0.004 -22"><span class='ocrx_word' id='word_1_280' title='bbox 90 4847 253 4926; x_wconf 82' lang='lat' dir='ltr'>orpatique</span> <span class='ocrx_word' id='word_1_281' title='bbox 278 4845 398 4915; x_wconf 83' lang='lat' dir='ltr'>fuerint,</span> <span class='ocrx_word' id='word_1_282' title='bbox 425 4843 517 4902; x_wconf 80' lang='lat' dir='ltr'>terias</span> <span class='ocrx_word' id='word_1_283' title='bbox 545 4852 575 4902; x_wconf 88' lang='lat' dir='ltr'>et</span> <span class='ocrx_word' id='word_1_284' title='bbox 600 4843 665 4902; x_wconf 89' lang='lat' dir='ltr'>dies</span> <span class='ocrx_word' id='word_1_285' title='bbox 692 4843 785 4900; x_wconf 87' lang='lat' dir='ltr'>fastos</span> <span class='ocrx_word' id='word_1_286' title='bbox 815 4842 919 4917; x_wconf 87' lang='lat' dir='ltr'>quales</span> <span class='ocrx_word' id='word_1_287' title='bbox 948 4841 1173 4912; x_wconf 76' lang='lat' dir='ltr'>celebraverint,</span> <span class='ocrx_word' id='word_1_288' title='bbox 1201 4860 1336 4918; x_wconf 84' lang='lat' dir='ltr'>quaeque</span> <span class='ocrx_word' id='word_1_289' title='bbox 1359 4848 1428 4899; x_wconf 88' lang='lat' dir='ltr'>sunt</span> 
     </span>
     <span class='ocr_line' id='line_1_30' title="bbox 90 4943 1427 5021; baseline -0.005 -14"><span class='ocrx_word' id='word_1_290' title='bbox 90 4947 221 5021; x_wconf 85' lang='lat' dir='ltr'>similia,</span> <span class='ocrx_word' id='word_1_291' title='bbox 249 4967 286 5005; x_wconf 88' lang='lat' dir='ltr'>ea</span> <span class='ocrx_word' id='word_1_292' title='bbox 311 4947 411 5004; x_wconf 89' lang='lat' dir='ltr'>omnia</span> <span class='ocrx_word' id='word_1_293' title='bbox 436 4950 556 5005; x_wconf 89' lang='lat' dir='ltr'>curiosa</span> <span class='ocrx_word' id='word_1_294' title='bbox 588 4944 744 5021; x_wconf 87' lang='lat' dir='ltr'>diligentia</span> <span class='ocrx_word' id='word_1_295' title='bbox 770 4943 955 5002; x_wconf 89' lang='lat' dir='ltr'>Venturinus</span> <span class='ocrx_word' id='word_1_296' title='bbox 988 4943 1018 5000; x_wconf 91' lang='lat' dir='ltr'>in</span> <span class='ocrx_word' id='word_1_297' title='bbox 1049 4943 1175 5001; x_wconf 89' lang='lat' dir='ltr'>schedas</span> <span class='ocrx_word' id='word_1_298' title='bbox 1205 4961 1275 5000; x_wconf 88' lang='lat' dir='ltr'>suas</span> <span class='ocrx_word' id='word_1_299' title='bbox 1302 4943 1427 5000; x_wconf 91' lang='lat' dir='ltr'>rettulit.</span> 
     </span>
     <span class='ocr_line' id='line_1_31' title="bbox 90 5045 1427 5127; baseline -0.004 -19"><span class='ocrx_word' id='word_1_300' title='bbox 90 5050 141 5109; x_wconf 84' lang='lat' dir='ltr'>Ita</span> <span class='ocrx_word' id='word_1_301' title='bbox 169 5058 203 5108; x_wconf 90' lang='grc' dir='ltr'>ιιι</span> <span class='ocrx_word' id='word_1_302' title='bbox 229 5067 338 5127; x_wconf 84' lang='lat' dir='ltr'>operae</span> <span class='ocrx_word' id='word_1_303' title='bbox 364 5048 490 5126; x_wconf 88' lang='lat' dir='ltr'>pretium</span> <span class='ocrx_word' id='word_1_304' title='bbox 519 5047 652 5106; x_wconf 84' lang='lat' dir='ltr'>facturus</span> <span class='ocrx_word' id='word_1_305' title='bbox 680 5046 817 5105; x_wconf 87' lang='lat' dir='ltr'>videatur</span> <span class='ocrx_word' id='word_1_306' title='bbox 844 5063 920 5117; x_wconf 89' lang='lat' dir='ltr'>esse,</span> <span class='ocrx_word' id='word_1_307' title='bbox 948 5045 1043 5121; x_wconf 89' lang='lat' dir='ltr'>siquis</span> <span class='ocrx_word' id='word_1_308' title='bbox 1065 5045 1110 5104; x_wconf 84' lang='lat' dir='ltr'>vir</span> <span class='ocrx_word' id='word_1_309' title='bbox 1133 5045 1237 5102; x_wconf 90' lang='lat' dir='ltr'>doctus</span> <span class='ocrx_word' id='word_1_310' title='bbox 1260 5051 1427 5120; x_wconf 92' lang='lat' dir='ltr'>temporum</span> 
     </span>
    </p>
   </div>
   <div class='ocr_carea' id='block_1_4' title="bbox 86 5143 1431 5307">
    <p class='ocr_par' dir='ltr' id='par_1_4' title="bbox 86 5143 1431 5307">
     <span class='ocr_line' id='line_1_32' title="bbox 86 5143 1431 5225; baseline -0.006 -14"><span class='ocrx_word' id='word_1_311' title='bbox 86 5152 212 5211; x_wconf 90' lang='lat' dir='ltr'>illorum</span> <span class='ocrx_word' id='word_1_312' title='bbox 246 5149 384 5211; x_wconf 86' lang='lat' dir='ltr'>curiosus</span> <span class='ocrx_word' id='word_1_313' title='bbox 419 5166 458 5209; x_wconf 88' lang='lat' dir='ltr'>ex</span> <span class='ocrx_word' id='word_1_314' title='bbox 487 5148 566 5210; x_wconf 90' lang='lat' dir='ltr'>libro</span> <span class='ocrx_word' id='word_1_315' title='bbox 594 5147 753 5206; x_wconf 85' lang='lat' dir='ltr'>Venturini</span> <span class='ocrx_word' id='word_1_316' title='bbox 782 5165 859 5225; x_wconf 88' lang='lat' dir='ltr'>quae</span> <span class='ocrx_word' id='word_1_317' title='bbox 890 5146 926 5206; x_wconf 87' lang='lat' dir='ltr'>ad</span> <span class='ocrx_word' id='word_1_318' title='bbox 961 5165 1060 5207; x_wconf 89' lang='lat' dir='ltr'>mores</span> <span class='ocrx_word' id='word_1_319' title='bbox 1091 5143 1286 5224; x_wconf 87' lang='lat' dir='ltr'>hominesque</span> <span class='ocrx_word' id='word_1_320' title='bbox 1317 5146 1431 5206; x_wconf 87' lang='lat' dir='ltr'>saeculi</span> 
     </span>
     <span class='ocr_line' id='line_1_33' title="bbox 1186 5249 1224 5307; baseline 0 -28"><span class='ocrx_word' id='word_1_321' title='bbox 1186 5249 1224 5307; x_wconf 64' lang='lat'>10</span> 
     </span>
    </p>
   </div>
   <div class='ocr_carea' id='block_1_5' title="bbox 0 0 1744 5812">
    <p class='ocr_par' dir='ltr' id='par_1_5' title="bbox 0 0 1744 5812">
     <span class='ocr_line' id='line_1_34' title="bbox 0 0 1744 5812; baseline 0 0"><span class='ocrx_word' id='word_1_322' title='bbox 0 0 1744 5812; x_wconf 95' lang='lat' dir='ltr'> </span> 
     </span>
    </p>
   </div>
  </div>
 </body>
</html>
