3474 5812
303 459 376 530 418
903 476 1023 527 cavan

367 653 414 713 85.
448 652 584 728 coh(ors)
599 653 614 709 Ι
629 650 862 726 Helvc(tiorum)
879 657 908 708 et
922 649 1120 725 Brit(tonum)
1144 648 1432 724 Aure(lianrnsium)
1453 650 1507 708 sub
1526 648 1629 726 cur(a)

307 753 331 814 C
334 798 488 814 ......
509 755 554 812 titi
578 753 683 830 s(ing).
706 753 786 828 [ηις.
810 773 848 810 ex
870 771 930 810 cor.
957 785 997 794 -
1025 769 1104 818 prope
1126 750 1265 819 Oelrriupeu
1284 754 1311 803 in
1330 769 1408 818 reguo
1422 755 1629 819 Wuertembcrg.

305 858 410 911 Bramb.
434 859 512 908 1559.
534 859 612 908 1560.

305 947 383 1007 Nam
406 950 436 1006 in
458 949 505 1007 his
527 949 669 1006 incertum
692 957 739 1005 est
766 960 861 1004 utrum
889 946 1075 1005 cornicularii
1103 965 1141 1003 an
1168 944 1331 1004 cornicines
1353 954 1630 1004 commemorentur.

389 1050 453 1108 Iam
474 1051 500 1108 si
522 1050 702 1126 quaerimus,
724 1068 784 1125 qua
806 1051 919 1107 ratione
942 1048 1128 1109 cornicularii
1145 1067 1197 1125 per
1210 1054 1312 1123 partes
1328 1047 1463 1105 diversas
1479 1048 1631 1106 exercitus

307 1153 434 1211 Romani
457 1153 605 1211 distributi
628 1152 745 1222 suerint,
767 1153 928 1211 cavendum
952 1160 1007 1223 cst,
1030 1170 1067 1209 ne
1089 1152 1132 1209 eis
1154 1150 1249 1208 titulis
1273 1149 1465 1225 decipiamur,
1486 1151 1631 1226 equibus

309 1263 390 1313 certa
411 1255 486 1312 ratio
508 1255 727 1313 distributionis
754 1254 869 1312 elucere
896 1254 990 1328 primo
1019 1254 1122 1310 obtutu
1152 1234 1273 1310 videtur.
1317 1249 1395 1308 Nam
1423 1270 1487 1310 eum
1514 1252 1631 1310 titulum

309 1355 524 1416 Carnuntinum
539 1378 568 1415 n.
583 1356 619 1414 67
640 1356 711 1432 (ΙΙΙ,
724 1355 818 1430 4452)
840 1357 995 1433 posuerint
1009 1356 1098 1413 trium
1113 1355 1263 1432 legionum
1278 1362 1338 1412 tres
1355 1354 1541 1412 cornicularii
1562 1374 1630 1414 cum

308 1459 403 1517 tribus
424 1459 739 1518 commentariensibus
758 1467 788 1516 et
807 1458 928 1535 triginta
949 1457 1197 1534 speculatoribus,
1224 1457 1280 1514 hoc
1302 1456 1418 1532 quidem
1441 1464 1551 1514 certum
1574 1466 1632 1529 est,

309 1562 339 1619 in
361 1561 485 1637 singulis
507 1560 671 1637 legionibus
691 1559 823 1636 singulos
843 1569 870 1618 et
889 1559 981 1618 denos
997 1561 1098 1619 fuisse.
1135 1561 1179 1618 At
1193 1561 1292 1617 obstat
1306 1558 1408 1616 titulus
1423 1557 1632 1618 Tarraconen-

310 1663 352 1720 sis
367 1683 394 1720 n.
413 1665 430 1721 6
447 1661 501 1737 (Π,
517 1661 622 1737 4122),
638 1682 724 1739 quem
739 1663 838 1738 ipsum
853 1679 972 1738 quoque
987 1662 1175 1721 cornicularii
1189 1680 1255 1720 cum
1270 1661 1585 1719 commentariensibus
1603 1675 1634 1720 et

310 1765 547 1841 speculatoribus
568 1774 743 1842 posuerunt3
766 1773 796 1822 et
817 1765 847 1821 hi
868 1764 987 1839 quidem
1009 1766 1108 1823 decem
1129 1772 1207 1836 sunt,
1229 1763 1509 1821 commentarienses
1532 1773 1633 1822 autem

310 1877 340 1924 et
367 1866 555 1925 cornicularii
584 1867 655 1924 bini.
704 1865 803 1924 Huius
831 1865 1013 1924 diversitatis
1041 1887 1077 1924 ea
1102 1884 1194 1924 causa
1219 1874 1279 1937 est,
1309 1865 1402 1941 quod,
1432 1866 1482 1940 qui
1511 1866 1631 1923 titulum

309 1970 515 2029 Pannonicum
531 1968 688 2028 Caracallo
710 1977 882 2045 posuerunt,
905 1969 1093 2026 cornicularii
1114 1967 1263 2044 legionum
1286 1967 1431 2039 dicuntur,
1453 1967 1504 2043 qui
1519 1968 1633 2043 Hispa·

310 2073 443 2131 niensem
471 2069 507 2143 Q.
535 2070 633 2129 Hedio
660 2069 802 2129 Lolliano
828 2070 928 2146 legato
955 2073 1161 2146 Augustorum
1190 2090 1233 2145 pr.
1256 2088 1300 2144 pr.
1327 2071 1498 2148 provinciae
1520 2069 1635 2145 Hispa·

311 2175 378 2233 niae
399 2173 553 2242 citerioris,
575 2172 712 2231 dicuntur
734 2172 920 2231 cornicularii
942 2172 1015 2230 eius.
1053 2169 1141 2244 Quod
1157 2172 1182 2230 si
1197 2191 1300 2230 verum
1315 2181 1369 2243 est,
1386 2173 1463 2247 quod
1479 2173 1635 2248 probabile

312 2277 436 2346 videtur,
452 2276 656 2334 beneficiarios
668 2283 697 2332 et
709 2275 921 2333 cornicularios
936 2276 987 2349 qui
1003 2274 1175 2351 simpliciter
1190 2274 1338 2351 legionum
1354 2274 1490 2332 dicuntur
1500 2276 1556 2332 boc
1571 2294 1634 2331 mu·

313 2397 383 2436 nere
399 2378 477 2453 apud
492 2378 607 2453 legatos
622 2377 771 2451 legionum
787 2377 904 2435 functos
917 2394 995 2449 esse,
1012 2387 1128 2452 praeter
1139 2376 1214 2434 duos
1226 2375 1305 2445 illos,
1321 2376 1413 2450 quiin
1426 2376 1512 2433 titulo
1525 2377 1636 2435 Tarra·

313 2480 433 2537 cunensi
455 2486 733 2548 commemorantur,
759 2479 972 2537 cornicularius
998 2478 1090 2555 legati
1113 2477 1242 2553 Augusti
1264 2497 1308 2554 pr.
1331 2495 1374 2552 pr.
1400 2495 1474 2535 unus
1501 2479 1636 2536 cornicu-

315 2581 406 2640 larius
433 2580 523 2655 legati
552 2581 582 2636 in
610 2579 725 2655 legione
746 2579 805 2637 VII
826 2581 958 2655 gemina,
986 2582 1016 2637 in
1044 2581 1201 2638 Pannonia
1228 2587 1326 2637 autem
1356 2590 1473 2655 praeter
1501 2581 1635 2655 singulos

315 2682 497 2758 singularum
518 2682 667 2757 legionum
691 2681 749 2739 duo
772 2682 819 2738 vel
842 2681 940 2756 plures
964 2682 1151 2740 cornicularii
1173 2681 1263 2758 legati
1278 2681 1409 2756 Augusti
1424 2701 1466 2757 pr.
1483 2702 1528 2757 pr.
1544 2682 1637 2740 luisse

315 2783 438 2861 putandi
456 2793 533 2841 sunt.
568 2782 648 2842 Num
670 2784 784 2858 legatos
806 2785 1010 2860 Augustorum
1032 2784 1132 2860 plures
1154 2802 1242 2859 qnam
1266 2782 1400 2858 singulos
1423 2784 1636 2843 cornicularius

314 2886 455 2944 habuisse
471 2885 556 2942 docet
571 2884 657 2942 etiam
673 2884 774 2943 titulus
788 2885 988 2959 Aquincensis
1009 2905 1037 2942 n.
1054 2886 1071 2942 3
1089 2885 1160 2959 (ΙΙΙ,
1178 2884 1283 2959 3543),
1304 2885 1335 2941 in
1351 2901 1409 2960 qno
1425 2903 1637 2944 commemora·

316 2998 364 3046 tur
383 2983 522 3045 ‘officium
544 2986 805 3044 corniculariorum
828 2983 1009 3045 consularis'.
1046 2988 1152 3045 Restat
1169 2986 1271 3044 titulus
1286 2985 1532 3046 Lambaesitanus
1554 3009 1583 3046 u.
1598 2987 1636 3045 78

318 3089 417 3165 (VIII,
433 3088 537 3164 2586),
560 3090 590 3147 in
612 3106 670 3163 quo
692 3090 768 3147 inter
790 3108 854 3160 eos,
882 3090 933 3165 qui
959 3090 1104 3166 imagines
1127 3106 1227 3146 sacras
1249 3108 1354 3147 aureas
1376 3090 1518 3160 iecerunt,
1540 3091 1635 3167 primo

316 3192 382 3248 loco
410 3199 617 3248 enumerantur
644 3191 702 3248 dno
730 3191 927 3249 cornicularii.
981 3191 1046 3249 Hos
1073 3192 1174 3250 ambos
1201 3191 1299 3266 legato
1325 3210 1369 3265 pr.
1392 3211 1437 3268 pr.
1466 3193 1637 3266 provinciae

317 3291 476 3351 Numidiae
503 3292 637 3350 addictos
666 3293 758 3350 fuisse
786 3292 838 3349 vix
864 3292 1053 3364 crediderim3
1082 3312 1148 3350 narn
1179 3293 1240 3349 veri
1269 3292 1364 3351 simile
1392 3301 1447 3365 est,
1474 3293 1552 3368 qnod
1578 3295 1638 3352 iam

319 3411 409 3470 supra
435 3394 510 3465 diri,
538 3412 589 3452 eos
616 3393 718 3451 eadem
745 3395 861 3450 ratione
886 3393 1058 3452 distributos
1081 3395 1172 3453 fuisse
1195 3413 1255 3470 qua
1276 3397 1566 3467 commentarienses,
1588 3396 1638 3471 qui

318 3506 489 3570 sequuntur.
532 3493 667 3568 Quorum
694 3496 769 3552 alter
794 3496 1066 3554 commentariensis
1093 3496 1306 3571 trib(un0rum)
1332 3497 1403 3567 fuit,
1434 3497 1508 3554 alter
1538 3497 1638 3575 legati.

317 3598 357 3656 Et
382 3598 522 3672 quoniam
550 3598 579 3654 in
607 3597 710 3654 Africa
735 3616 794 3653 una
816 3604 929 3654 tantum
952 3598 1029 3673 legio
1058 3609 1156 3656 castra
1182 3598 1298 3669 habuit,
1334 3599 1381 3656 cui
1415 3597 1530 3675 legatus
1560 3603 1638 3675 Aug.

318 3719 362 3776 pr.
383 3719 426 3776 pr.
447 3699 618 3774 provinciae
637 3697 794 3756 Numidiae
817 3699 881 3774 ipse
903 3709 1047 3776 praeerat,
1070 3700 1194 3775 cogitari
1214 3707 1312 3776 potest
1333 3719 1399 3757 eum
1422 3711 1542 3775 propter
1563 3700 1639 3758 hanc

318 3802 413 3877 ipsam
437 3817 558 3858 causam
581 3819 638 3857 uno
661 3800 856 3858 corniculario
878 3810 1047 3860 contentum
1069 3801 1172 3859 fuisse.
1217 3800 1270 3860 Sin
1295 3803 1351 3859 hoc
1373 3802 1445 3859 viris
1469 3802 1565 3860 doctis
1587 3805 1638 3860 ha·

320 3924 385 3961 rum
406 3922 503 3959 rerum
525 3901 629 3977 peritis
649 3920 708 3958 non
724 3903 875 3978 probatur,
898 3904 984 3962 etiam
1007 3904 1066 3961 alia
1087 3904 1162 3960 ratio
1184 3903 1318 3961 adhiberi
1341 3911 1440 3979 potest
1461 3905 1639 3980 explicando

318 4023 412 4081 parvo
434 4023 555 4061 numero
578 4002 846 4074 corniculariorum,
869 4008 918 4080 qui
948 4007 976 4062 in
1005 4005 1090 4062 titulo
1112 4003 1353 4075 Lambaesitano,
1375 4005 1410 4062 de
1434 4024 1492 4081 quo
1515 4007 1640 4082 agimus,

319 4114 426 4165 exstat.
470 4103 548 4163 Nam
576 4107 606 4162 in
633 4125 669 4163 eo
696 4124 791 4182 neque
817 4124 919 4164 omnes
942 4106 1121 4183 principales
1142 4108 1232 4165 totius
1254 4108 1380 4182 legionis
1408 4125 1502 4181 neque
1527 4127 1639 4181 eorum,

320 4227 395 4285 (puae
415 4208 607 4284 reperiuntur,
630 4226 770 4284 generum
794 4226 897 4266 omnes
919 4213 1141 4266 commemorari
1155 4209 1241 4268 docet
1254 4227 1393 4267 numerus
1409 4211 1639 4287 speculatorum,

319 4311 370 4384 qui
393 4329 452 4368 non
474 4310 574 4368 decem
601 4320 671 4368 sunt
693 4310 746 4368 sed
767 4320 903 4386 quatuor.
946 4311 1027 4385 Ergo
1053 4312 1079 4370 si
1107 4332 1123 4368 e
1150 4311 1387 4388 speculatoribus
1414 4328 1468 4369 sex
1494 4313 1641 4384 afuerunt,

212 4435 215 4441 ·
320 4412 383 4470 fieri
399 4412 504 4486 potuit,
526 4423 558 4470 ut
576 4413 662 4470 etiam
679 4433 695 4468 e
711 4412 914 4470 corniculariis
938 4431 1012 4470 unus
1034 4424 1062 4469 et
1084 4414 1158 4471 alter
1180 4414 1216 4470 ad
1239 4413 1383 4488 imagines
1406 4432 1511 4471 aureas
1533 4414 1641 4473 iacien—

320 4513 373 4571 das
394 4514 468 4572 nihil
491 4515 685 4589 conferret1).

401 4616 438 4673 In
461 4616 567 4674 militia
589 4617 703 4675 urbana
723 4626 752 4674 et
774 4617 913 4692 praefecti
939 4624 968 4672 et
994 4616 1103 4674 tribuni
1131 4625 1161 4674 et
1186 4617 1305 4693 vigilum
1330 4619 1553 4693 subpraefectus
1576 4638 1641 4678 cor·

320 4717 481 4776 nicularios
503 4718 677 4791 habuerunt,
700 4720 750 4794 qui
773 4720 851 4794 apud
874 4718 1008 4794 singulos
1031 4719 1140 4796 singuli
1161 4720 1254 4778 fuisse
1276 4718 1422 4776 videntur.
1459 4718 1537 4777 Nam
1561 4720 1640 4797 quod

417 4967 440 5029 ¹)
469 4970 511 5018 Ab
530 4970 583 5031 bis,
609 4985 673 5035 quae
693 4970 814 5036 exposui,
839 4972 964 5020 sententia
983 4971 1151 5036 Marqnardtii
1176 4986 1227 5020 non
1252 4971 1358 5020 multum
1384 4970 1482 5033 differt;
1504 4973 1546 5035 qni
1572 4973 1641 5036 apud

323 5076 380 5110 eum
400 5057 651 5128 (Staatcucrwaltuup
671 5063 706 5122 11,
733 5078 757 5126 p.
772 5061 835 5123 529)
855 5063 960 5113 affertur
979 5064 1008 5114 C.
1029 5063 1124 5116 Sallius
1143 5062 1240 5112 Primio
1260 5063 1410 5114 cornicular.
1430 5062 1478 5127 leg.
1499 5063 1541 5112 111
1562 5066 1639 5128 Aug,

322 5153 366 5204 Or.
387 5153 456 5203 3522
478 5174 512 5196 =
526 5154 565 5204 VI
575 5150 669 5218 266'l',
690 5171 747 5206 cum
766 5155 859 5206 falsum
878 5171 933 5206 esse
952 5157 1003 5206 iam
1023 5170 1099 5220 supra
1118 5155 1325 5205 commemorari.
