3474 5812
199 527 288 576 sesa
796 525 950 575 ncunrn.
1486 503 1534 572 45

200 696 250 755 82
271 699 302 756 in
326 698 457 756 frustula
479 698 559 774 quod
582 697 763 773 pertinuisse
786 697 902 756 videtur
923 696 960 754 ad
983 697 1192 754 vestimentum
1216 705 1332 754 statuae
1350 713 1465 765 aereae,
1487 694 1535 752 lit-

244 801 316 858 teris
339 800 500 877 argenteis,
522 800 584 857 lato
607 820 644 857 rn.
662 799 744 871 006,
767 800 827 858 alto
849 818 888 857 m.
903 799 1006 870 0075,
1029 817 1132 858 crasso
1149 819 1187 857 m.
1204 798 1304 856 0.005.
1336 796 1412 874 Rep.
1431 795 1534 873 Olym-

244 902 312 978 piae
336 902 365 960 6.
381 901 461 960 Nov.
480 902 557 961 1877
582 903 621 960 ab
644 902 716 960 aede
739 903 821 960 Iovis
844 903 921 960 inter
943 902 1095 961 meridiem
1118 909 1147 960 et
1169 902 1321 960 orientem.

200 1373 239 1431 R.
258 1374 335 1432 Weil
359 1374 522 1451 descripsit
542 1385 573 1433 et
594 1375 683 1433 misit.

202 1641 249 1701 83
271 1645 302 1702 in
324 1645 492 1721 fragmento
514 1646 632 1703 tabulae
656 1664 760 1704 aereae
775 1646 837 1704 lato
853 1666 890 1703 rn.
904 1645 985 1718 009,
1009 1645 1069 1702 alto
1086 1665 1124 1703 m.
1137 1644 1218 1714 010,
1240 1661 1340 1701 crasso
1357 1663 1394 1701 rn.
1407 1642 1530 1701 0.0035.

244 1745 405 1824 Olympiae
427 1768 490 1825 rep.
513 1759 582 1806 ante
606 1747 710 1805 aedem
732 1748 815 1807 Iovis
839 1747 875 1805 ad
898 1749 1089 1806 occidentem.

887 2017 893 2056 1

847 2118 893 2158 1.Ν

200 2291 239 2349 R.
257 2291 335 2350 Weil
358 2291 517 2369 descripsit
539 2302 568 2350 et
590 2293 680 2351 misit.

367 2830 509 2889 DYME?
533 2830 778 2906 (Kato-Achaia)
801 2831 934 2889 Achaiae
956 2831 1027 2907 (ins.
1049 2838 1117 2909 post
1139 2849 1163 2887 c.
1176 2829 1237 2888 VII
1258 2848 1286 2905 p.
1304 2829 1366 2905 98).

203 3067 252 3129 84
282 3071 397 3129 duobus
424 3072 570 3149 exemplis
592 3091 630 3130 ex
657 3071 754 3149 lapids
781 3073 916 3131 calcaneo
943 3073 1026 3143 albo,
1053 3088 1178 3146 quorum
1202 3070 1233 3127 id
1256 3071 1335 3146 quod
1356 3086 1529 3146 repraesen-

244 3173 373 3231 tavimus
397 3175 489 3231 altum
512 3183 559 3232 est
580 3194 618 3233 m.
634 3173 722 3246 068,
749 3175 841 3233 latum
863 3173 949 3245 040,
971 3174 1096 3232 alterum
1120 3174 1211 3231 altum
1231 3172 1312 3243 071,
1334 3173 1427 3230 latum
1447 3170 1527 3230 048.

243 3273 476 3346 Kato-Achaia,
500 3277 550 3335 ubi
571 3276 662 3354 vulgo
685 3275 799 3334 Olenus
822 3277 914 3336 fuisse
935 3277 1074 3348 creditur,
1098 3275 1150 3333 sed
1174 3275 1290 3352 Dymen
1313 3275 1412 3350 potius
1434 3275 1528 3331 fuisse

242 3376 384 3436 Duhnius
411 3389 513 3437 censet
539 3378 591 3454 (cf.
614 3379 710 3438 Mitti.
733 3381 781 3438 dea
807 3381 887 3439 arci.
910 3379 982 3439 Iast.
1003 3397 1039 3436 aa
1059 3377 1184 3437 Acuent
1207 3396 1236 3454 p.
1253 3376 1321 3453 75),
1348 3377 1378 3435 in
1404 3376 1527 3435 aedibus

243 3476 398 3538 Leonidae
418 3479 546 3560 Xingac.

447 3787 725 3848 AVGVSTAE
950 3808 974 3845 v.
999 3789 1017 3846 l.
1041 3788 1159 3864 exempli
1180 3787 1313 3846 alterius.-

477 3906 586 3949 venant
602 3921 609 3935 ·
628 3907 740 3951 secav-

446 4009 587 4051 rvnvrura
610 4024 617 4036 ·
640 4011 755 4052 uenena
989 4009 1067 4050 uene
1089 4012 1143 4069 pro
1167 4009 1281 4050 narsus

478 4097 724 4155 saccanosslvs
1033 4111 1097 4153 rrvs

403 4215 416 4252 a
513 4197 682 4256 D·S·P·F

199 4499 253 4559 Iul.
269 4501 389 4559 Martha
409 4501 540 4560 Bullctia
561 4502 595 4559 de
616 4519 687 4559 corr.
711 4502 900 4578 helidniqccd
921 4501 1031 4578 (1878)
1054 4521 1082 4578 p.
1102 4502 1173 4572 1003
1195 4500 1417 4576 descripserunt
1438 4499 1474 4557 F.
1490 4499 1525 4556 de

199 4600 291 4659 Dubn
314 4602 367 4676 (ci.
391 4603 486 4661 Mittit.
509 4605 558 4661 des
580 4605 658 4662 arch.
681 4604 752 4662 Inst.
774 4624 809 4661 zu
831 4604 924 4662 Athea
943 4605 960 4662 3
983 4624 1012 4681 p.
1030 4605 1083 4680 74)
1105 4613 1135 4660 et
1156 4603 1191 4661 R.
1208 4603 1298 4660 Weil.

241 4704 378 4762 Alterum
406 4705 573 4782 exemplum
601 4716 722 4782 propter
748 4726 877 4765 errorem
905 4707 966 4764 v.3
994 4708 1155 4765 admissum
1184 4707 1322 4764 reiectum
1350 4725 1415 4766 esse
1444 4709 1524 4767 vide·

199 4816 256 4866 tur.
276 4839 315 4849 -
342 4808 479 4884 Augusta
497 4806 599 4865 Venus
624 4809 752 4866 fortasse
778 4828 837 4866 nnn
863 4817 924 4867 tam
943 4809 1045 4868 Venus
1073 4820 1120 4868 est
1145 4829 1232 4886 quarn
1258 4812 1398 4888 Augusta
1424 4811 1526 4886 aliqua

199 4899 246 4965 va'a
266 4900 436 4992 Ἀφροδίτης
462 4910 625 4986 comparari
648 4919 749 4987 potest
774 4910 857 4968 Ceras
879 4912 959 4969 Iulia
982 4912 1115 4987 Auqasta
1137 4914 1196 4969 etita
1217 4912 1342 4987 Aupusti
1362 4914 1424 4971 noti
1446 4914 1523 4971 tituli

199 5009 355 5070 Gaulitani
378 5009 471 5070 Orell.
489 5010 558 5089 618,
582 5030 658 5087 quae
680 5022 727 5071 cst
748 5013 814 5089 ipsa
836 5012 931 5071 Livia.
969 5011 1109 5071 Ceterum
1130 5033 1202 5072 cave
1224 5015 1327 5073 credas
1351 5015 1434 5073 utin
1457 5033 1523 5090 pro-

198 5114 306 5173 vinciis
332 5113 482 5173 eiusmodi
510 5115 642 5173 sacraria
668 5116 902 5187 instituerentur,
932 5117 1155 5174 consecratione
1183 5117 1305 5193 publica
1332 5117 1433 5195 populi
1460 5117 1523 5176 Ro·

197 5213 279 5275 mani
299 5232 378 5295 opus
396 5214 503 5277 inim
