3474 5812
200 455 274 528 530
767 472 953 529 ιιοιιιιειιιι

200 650 264 710 ciae
284 649 315 708 in
331 648 488 708 Pannonia
509 633 665 726 superiore
686 649 761 723 (rol.
775 649 822 707 III
837 670 866 708 ιι.
880 647 960 709 3212
972 650 1062 725 seq),
1077 647 1197 708 celeiae
1211 651 1242 708 in
1254 648 1368 710 Notion
1389 649 1468 727 (rol
1483 649 1536 708 111

200 772 230 813 n.
246 751 328 812 5154
340 749 429 827 seq),
451 770 470 809 s
487 751 684 811 Meficmriis
705 750 876 829 praesidum
896 753 941 810 ita
960 759 1163 821 consecutae,
1186 762 1218 810 ut
1237 769 1292 810 eos
1312 751 1385 810 inde
1403 752 1538 831 colligas

202 854 244 913 ibi
264 851 483 931 quodammodo
505 851 606 911 sedem
627 853 778 912 habuisse.
806 851 927 912 Scilicet
947 853 1098 931 praesidia
1119 852 1262 912 militaria
1281 854 1323 912 ibi
1335 854 1460 914 tanum
1480 872 1538 930 po-

202 956 261 1017 sita
281 954 338 1016 snb
353 954 542 1015 beneficiario
563 955 742 1026 consularis,
763 957 896 1032 quicum
909 955 947 1013 ad
962 955 1045 1014 aliud
1059 974 1168 1014 munus
1186 965 1372 1027 avocaretur,
1393 956 1540 1016 tutionis

201 1058 328 1119 feliciter
347 1056 486 1135 expletae
506 1057 620 1133 gratias
642 1057 756 1115 numini
779 1057 911 1116 referret.
947 1057 1134 1117 Beneficiarii
1159 1067 1258 1116 autem
1286 1059 1314 1116 si
1334 1077 1395 1116 noa
1416 1077 1539 1131 omnes,

202 1170 283 1221 certe
303 1160 392 1238 longe
414 1158 549 1235 plerique
571 1177 675 1218 eoram
697 1167 785 1218 extra
797 1160 980 1235 praetorium
1003 1160 1132 1236 agebam
1145 1159 1235 1217 rebus
1248 1159 1374 1236 agendis
1389 1160 1434 1220 ita
1448 1178 1541 1245 prae·

202 1262 288 1332 tecti,
313 1270 344 1321 ut
365 1261 397 1320 id
417 1278 472 1337 per
493 1279 524 1319 se
546 1271 724 1339 peragerent
745 1281 764 1319 a
784 1262 989 1320 castrensibus
1010 1261 1120 1320 officiis
1140 1260 1206 1320 eius
1227 1261 1271 1320 rei
1289 1237 1538 1321 causa—liberati.

205 1336 343 1439 Quncrrm
374 1344 632 1436 recte‘cnnvenit,
665 1364 745 1440 qnod
772 1363 932 1440 Bithyniae
960 1381 1085 1440 praeses
1109 1363 1229 1423 Plinius
1258 1376 1322 1425 tan
1346 1364 1541 1442 procuratori

205 1466 337 1526 eiusdem
362 1465 532 1541 provinciae
557 1484 645 1542 quam
675 1466 828 1543 praelecto
857 1485 928 1525 orac
954 1465 1098 1525 Ponticae
1125 1466 1219 1524 denos
1247 1465 1455 1526 beneficiarios
1483 1466 1541 1527 ad·

206 1566 353 1647 signat¹).

289 1668 504 1746 Principaliom
524 1668 744 1748 vocabalam²)
766 1672 797 1730 ia
818 1671 913 1730 titulis
934 1686 1034 1730 rarum
1056 1670 1196 1731 similiter
1213 1679 1374 1747 usurpatur
1388 1672 1420 1730 in
1440 1671 1542 1733 uotis·

206 1772 284 1833 simo
303 1773 419 1831 urbano
441 1771 553 1831 robvl
572 1792 601 1830 n.
617 1770 675 1831 221
700 1774 771 1832 anni
789 1773 857 1832 113.
893 1773 971 1832 Ilum
993 1772 1170 1832 dedicerant
1185 1775 1364 1850 priactpalea
1384 1774 1544 1834 centuriae

207 1872 361 1935 culusdam
406 1872 528 1951 vigilum
564 1892 688 1934 numero
724 1874 901 1946 duodecim,
944 1874 1059 1933 scilicet
1100 1875 1291 1951 beuptcmrias
1333 1875 1544 1953 subprasfecti,

206 1977 372 2037 ancillarius
393 1979 424 2032 io
447 1979 589 2047 crutaris,
615 1980 692 2052 optio
714 1981 744 2035 ιἰι
765 1981 905 2046 scutario,
932 1981 1101 2035 tesserarios
1123 1982 1154 2034 iu
1176 1982 1316 2048 scamna,
1341 1978 1543 2052 beneficiarius

208 2080 328 2148 tribuni,
350 2078 488 2136 librarius
510 2077 715 2155 armarunt)
742 2079 946 2155 subprocsecti,
969 2079 1106 2137 librerias
1129 2079 1265 2150 cohortis,
1288 2089 1399 2138 seuaor
1419 2081 1543 2151 tribuni,

209 2183 359 2242 bucinator
380 2183 410 2239 in
432 2182 558 2239 centuria
585 2180 697 2256 aliique
723 2180 796 2251 duo,
818 2181 983 2257 dequibus
1009 2201 1069 2239 non
1097 2181 1172 2239 satis
1198 2189 1331 2253 conatat;
1364 2182 1413 2241 cui
1440 2182 1545 2242 ordini

209 2285 340 2362 quinque
361 2281 570 2360 principalium
586 2283 729 2357 praesidii
744 2282 887 2342 Moesiaci
910 2283 985 2342 satis
1000 2282 1171 2360 respondet,
1185 2294 1331 2360 qnatenus
1346 2285 1544 2345 conveniunt.

209 2385 393 2445 Discordeut
418 2393 515 2442 sutem
543 2383 602 2442 duo
628 2383 706 2443 tituli
729 2403 780 2456 eo,
807 2386 888 2462 qnod
916 2385 1067 2460 antiquior
1087 2385 1309 2444 beneficiarium
1336 2387 1545 2462 subpraefecti

210 2487 419 2566 principalium
441 2487 569 2562 primum
592 2487 674 2558 iacit,
696 2487 842 2546 recentior
864 2488 1086 2546 beneficiarium
1101 2487 1271 2547 consularis
1290 2508 1309 2546 a
1323 2488 1545 2566 principalibus

211 2589 316 2649 eximit
336 2590 432 2666 iisque
453 2589 620 2667 praeponit.
659 2589 740 2648 Illud
767 2590 833 2649 sine
854 2589 943 2649 dubio
966 2589 1119 2667 antiquam
1140 2597 1171 2649 et
1190 2589 1354 2666 legitimam
1375 2590 1546 2650 ordinatio·

212 2712 280 2753 uem
303 2699 381 2752 recto
404 2691 514 2763 reddit3
538 2692 595 2751 hoc
616 2690 684 2750 iude
706 2691 918 2769 explicandum
940 2699 995 2765 est,
1018 2693 1099 2768 quod
1114 2693 1227 2768 primns
1250 2693 1326 2751 inter
1341 2711 1428 2770 pares
1450 2694 1546 2753 facile

213 2812 268 2871 par
289 2813 356 2854 esse
377 2793 495 2853 desinit.

296 2896 488 2956 Tessererios
511 2895 679 2972 composuit
694 2892 792 2954 Canes
813 2896 834 2954 l.
846 2915 870 2955 c.
886 2917 915 2974 p.
929 2897 988 2955 452
1002 2915 1064 2973 seq.
1088 2904 1115 2956 et
1130 2896 1262 2975 singulos
1283 2897 1313 2954 in
1331 2896 1458 2974 singulis
1475 2917 1547 2957 cen·

214 2999 298 3059 turiis
321 3016 387 3057 csse
410 2999 548 3058 ostendit.
585 2998 773 3056 Praesidium
795 2999 853 3056 hoc
875 3000 913 3057 ad
935 2999 1084 3058 centuriae
1105 3019 1263 3059 numerum
1283 3018 1375 3076 prope
1397 3001 1548 3060 accedens

215 3123 251 3161 eo
274 3101 373 3160 allicio
396 3119 453 3160 non
477 3101 612 3159 carnisse
634 3108 866 3159 consentaneum
888 3110 944 3159 est.

299 3204 461 3263 Tubicioes
490 3211 521 3262 et
546 3202 711 3262 cornicines
740 3203 817 3261 idem
847 3204 982 3262 exhibuit
1008 3223 1037 3279 p.
1058 3204 1118 3262 374
1131 3222 1193 3282 seq.
1236 3204 1400 3281 Utriusque
1427 3206 1548 3266 ordinis

216 3314 287 3383 quot
309 3307 339 3364 in
361 3307 478 3384 legione
505 3305 629 3375 inerint,
660 3323 766 3380 parurn
794 3314 926 3378 constat,
956 3307 1013 3365 nisi
1041 3307 1120 3382 quod
1148 3307 1179 3364 in
1201 3307 1288 3365 titulo
1309 3306 1550 3369 Lambaesitauo

217 3407 310 3479 VIII,
330 3406 408 3466 2557
432 3416 642 3466 enumerantur
669 3405 851 3482 sor(uisiues)
880 3408 1008 3486 legionis
1032 3409 1192 3467 Africanae
1218 3428 1341 3467 numero
1363 3426 1417 3467 sex
1442 3420 1472 3466 et
1494 3413 1551 3470 tri-

216 3511 307 3587 ginta.
342 3509 494 3567 inordina
516 3509 681 3566 officiorum
697 3508 843 3568 tubicines
866 3510 1063 3569 cornicinibus
1086 3511 1294 3570 honoratiores
1310 3511 1401 3570 luisse
1423 3512 1552 3573 aliunde

217 3630 335 3688 quoque
358 3610 550 3687 intellegitur.

301 3712 432 3771 Medicus
460 3712 627 3789 legionis³)
655 3732 723 3771 vere
752 3713 887 3771 militiam
916 3715 1059 3774 meruisse
1087 3726 1116 3774 et
1142 3733 1180 3774 ex
1202 3716 1345 3774 laterculo
1367 3723 1498 3793 apparet
1521 3728 1555 3775 et

218 3826 306 3875 uirteu
328 3815 484 3873 iumentis
507 3814 677 3886 constsbst3
706 3815 735 3873 id
758 3817 855 3891 ipsum
882 3817 960 3874 enim
986 3816 1154 3893 significant
1175 3819 1227 3894 qui
1249 3838 1281 3876 se
1302 3819 1403 3877 dicunt
1422 3820 1553 3879 medicos

217 3920 381 3976 orrIiuorios
404 3916 542 3996 legionis,
566 3917 682 3976 scilicet
704 3937 815 3977 merere
839 3919 922 3975 sein
946 3919 1126 3993 numeris⁴).
1163 3920 1325 3998 Droyseni,
1348 3921 1398 3997 qui
1420 3921 1553 3999 reliquis

218 4018 391 4097 diligentius
414 4019 449 4076 de
472 4020 509 4078 iis
531 4021 605 4096 egit,
633 4019 792 4090 dubitatio,
817 4020 1032 4096 principalibus
1056 4030 1154 4080 utrum
1178 4023 1283 4081 medici
1305 4032 1383 4081 recte
1405 4022 1555 4083 adnume-

220 4129 321 4179 rentur
343 4140 444 4193 oocne,
467 4121 525 4180 ium
548 4121 663 4180 tollitur
684 4122 805 4181 invento
827 4122 912 4181 titulo
934 4124 1095 4182 Moesiaco.

300 4414 321 4477 ¹)
348 4416 446 4467 Plinius
466 4417 499 4467 ad
518 4417 623 4467 Tisian.
646 4419 688 4467 21.
703 4419 745 4468 27.

297 4506 321 4569 ²)
348 4508 416 4570 Quid
436 4511 574 4575 significet,
601 4509 691 4559 iustius
713 4525 790 4576 qnam
814 4525 898 4560 rernm
922 4511 1083 4576 perturbator
1102 4512 1233 4563 sollemnis
1245 4513 1367 4577 vegetius
1383 4515 1409 4573 2,
1419 4514 1445 4562 7.
1461 4516 1505 4564 15.
1520 4518 1556 4567 19

220 4600 317 4650 iudicat
336 4599 424 4650 Macar
443 4602 568 4666 (urges,
587 4602 735 4664 16,13,t):
756 4604 897 4653 inreverens
915 4604 985 4653 miles
1004 4621 1051 4654 ιιοιι
1071 4611 1165 4654 tuntum
1184 4622 1201 4653 a
1220 4601 1318 4654 tribuno
1337 4603 1378 4653 vel
1396 4608 1558 4669 centurione,

221 4692 266 4742 reri
283 4693 356 4741 stium
376 4709 392 4740 u
409 4694 550 4760 prirrripoli
571 4694 720 4745 coercendas
738 4702 783 4745 est.

299 4783 324 4846 ³)
350 4784 390 4835 Gi.
410 4785 562 4850 hlarquardt
581 4784 745 4836 Stootsmnu
766 4790 790 4847 2,
806 4788 858 4837 536
879 4789 971 4853 quique
991 4789 1027 4837 ibi
1047 4789 1164 4848 citantur,
1190 4790 1337 4853 praesertim
1357 4790 1414 4839 Ioh.
1428 4790 1560 4856 Droysen

223 4877 251 4926 in
276 4877 486 4927 commentariolo
511 4879 607 4927 inserto
632 4879 690 4943 eph.
710 4877 825 4929 deutsche
843 4878 1060 4930 militrirrirrtlicde
1080 4878 1467 4946 Zsitsclrr'jtval.1a.1874,
1487 4885 1560 4934 iudi-

224 4985 279 5020 cem
298 4969 424 5019 exbibens
443 4970 600 5019 medicorum
620 4968 768 5020 militarium
788 4971 872 5021 adhuc
894 4982 1022 5022 notorum.

301 5059 325 5121 ⁴)
352 5062 419 5112 vide
439 5078 503 5126 quac
522 5063 629 5127 exposui
649 5079 726 5127 supra
745 5079 770 5127 p.
786 5064 838 5114 259
858 5073 909 5114 not.
927 5066 950 5112 1.
988 5063 1139 5127 Droysenns
1158 5066 1184 5113 in
1204 5066 1388 5114 commentario
1408 5068 1490 5119 citato
1509 5085 1560 5123 ns·

226 5161 268 5219 gat
287 5152 337 5205 sibi
357 5163 515 5221 compertum
534 5170 598 5217 esse,
619 5155 682 5221 qnid
700 5157 799 5206 intersit
817 5157 884 5206 inter
902 5157 1029 5207 medlenm
1048 5167 1072 5206 et
1091 5158 1219 5208 medicum
1238 5158 1406 5207 ordinarium.
