3474 5812
482 502 783 556 onsnnvsrronss
804 502 1089 555 arroasenroas.
1375 483 1445 555 533

126 679 176 737 ubi
200 678 330 736 officium
351 678 437 753 plene
459 687 488 735 et
503 678 660 756 diligenter
674 678 895 750 determinatur,
919 679 1109 754 praepositus
1125 677 1314 736 adscribitur.
1349 676 1448 737 Causa

126 782 154 839 ni
178 781 266 838 fallor
287 799 346 836 non
368 781 398 837 in
421 781 558 838 omnibus
581 782 683 839 eadem
706 780 771 839 suit.
813 777 966 853 Quaedam
992 799 1102 858 genera
1123 800 1161 838 ex
1184 798 1275 855 supra
1297 778 1384 838 dictis
1406 781 1449 838 ita

125 884 282 941 coniuncta
314 891 400 941 erant
427 901 493 941 cum
522 882 684 960 praepositi
712 900 854 958 persona,
886 892 919 940 ut
946 883 1032 960 plene
1060 882 1207 940 enuntiari
1237 899 1297 940 nou
1326 892 1449 957 possent

126 985 184 1043 nisi
207 1004 242 1041 eo
258 985 400 1043 vocabulo
424 985 594 1062 adsumpto;
617 995 648 1043 ut
664 984 829 1063 singulares
853 985 895 1060 (p.
913 985 986 1060 401)
1009 994 1038 1042 et
1060 993 1203 1043 stratores
1227 985 1270 1062 (p.
1284 984 1358 1060 406)
1379 1004 1448 1042 raro

125 1088 315 1147 inveniuntur
337 1087 412 1145 nude
434 1089 476 1144 ita
496 1089 597 1164 positi,
620 1087 815 1163 similiterque
837 1089 915 1165 apud
932 1087 1038 1164 vigiles
1060 1096 1121 1146 tam
1144 1096 1295 1146 secutores
1319 1088 1360 1164 (p.
1373 1088 1448 1164 404)

125 1209 214 1265 quam
239 1189 413 1248 codicillarii
440 1191 490 1265 qui
518 1190 676 1247 creduntur
698 1189 741 1266 (p.
758 1188 832 1265 480)
860 1190 1042 1248 tribunorum
1067 1190 1243 1248 vocabulum
1265 1189 1449 1248 sollemniter

126 1292 313 1364 adscribunt,
346 1293 402 1351 etsi
430 1292 480 1349 vix
508 1290 631 1350 dubium
661 1301 706 1350 est
735 1292 799 1350 eius
827 1292 939 1350 ordinis
962 1292 1072 1350 milites
1094 1291 1194 1350 nullos
1216 1292 1244 1348 in
1267 1310 1303 1350 eo
1324 1310 1449 1368 corpore

124 1395 219 1453 fuisse
241 1395 300 1452 nisi
322 1395 448 1452 tribunis
470 1394 639 1452 attributos.
675 1393 756 1452 Alibi
779 1394 932 1470 probabile
954 1403 1000 1453 est
1021 1394 1223 1471 praepositum
1245 1392 1313 1451 addi
1336 1394 1373 1451 ad
1396 1393 1449 1452 ho·

124 1496 208 1555 noris
239 1497 362 1573 gradum
392 1496 661 1568 determinandum,
695 1496 724 1553 id
752 1496 831 1572 quod
858 1496 1045 1573 potissimum
1073 1496 1153 1554 cadit
1174 1497 1204 1554 in
1227 1496 1449 1565 beneficiarios3

126 1617 178 1658 eos
195 1600 272 1657 enim
290 1618 355 1657 cum
371 1606 486 1657 constet
501 1599 619 1657 minime
634 1599 711 1657 cirea
725 1599 928 1676 praepositum
946 1608 1081 1657 versatos
1098 1616 1173 1670 esse,
1195 1598 1374 1657 econtrario
1389 1617 1449 1656 cer-

126 1712 186 1761 tum
202 1714 248 1761 est
264 1701 389 1761 diversis
405 1702 643 1778 praepositorum
664 1702 823 1779 generibus
845 1701 1002 1759 attributos
1022 1700 1228 1759 beneficiarios
1243 1701 1450 1777 proportione

126 1806 274 1862 diversum
302 1805 398 1863 locum
427 1789 642 1878 obtinuisses).
684 1803 790 1879 Itaque
816 1804 846 1861 iu
872 1803 918 1861 his
941 1803 1003 1861 dux
1030 1812 1063 1861 ut
1087 1820 1175 1880 saepe
1200 1802 1381 1874 enuntiatur,
1408 1804 1450 1861 ita

125 1909 213 1965 etiam
236 1907 356 1984 saepius
378 1907 569 1982 praeteritum
596 1906 789 1982 nequeenim
813 1916 843 1963 ut
865 1905 1030 1964 enuntietur
1050 1905 1093 1963 ita
1114 1905 1152 1962 ad
1174 1924 1235 1962 rem
1257 1905 1395 1982 pertinet,
1418 1915 1450 1962 ut

125 2011 156 2068 in
179 2009 322 2086 singulari
344 2016 374 2067 et
396 2017 532 2066 stratore.

208 2112 270 2170 Iam
294 2112 460 2182 videamus,
487 2111 595 2187 quibus
623 2110 747 2170 ducibus
769 2112 819 2187 qui
842 2111 1023 2188 principales
1051 2111 1250 2169 attribuantur
1270 2117 1300 2168 et
1321 2110 1447 2188 primum

125 2216 246 2291 quidem
267 2215 297 2272 in
319 2214 498 2272 exercitibus
520 2214 753 2290 provinciarum:

192 2320 216 2376 l.
247 2315 367 2391 Legatia
383 2315 507 2391 Augusti
517 2320 732 2392 provinciaram
748 2323 811 2374 tam·
823 2316 1031 2376 consularibus
1046 2334 1135 2392 quam
1151 2315 1308 2393 praetoriis
1318 2313 1348 2391 ²)
1364 2316 1449 2373 item-

126 2440 182 2495 que
201 2418 436 2495 procuratoribus
459 2425 487 2475 et
505 2420 662 2494 praesectis
681 2423 896 2494 presenciarum
916 2419 1081 2490 rectoribus,
1104 2419 1155 2494 qui
1178 2407 1207 2476 in
1227 2417 1351 2494 imperio
1373 2418 1450 2476 mili-

126 2522 181 2579 tari
205 2521 308 2579 eodem
330 2520 397 2577 loco
420 2520 548 2592 suerunt,
573 2521 665 2579 additi
688 2532 759 2580 sunt

278 2622 488 2681 cornicularius
503 2624 670 2682 consularis
685 2644 714 2701 p.
726 2621 786 2681 412
801 2642 829 2680 u.
846 2623 942 2695 1-6;
963 2624 1053 2701 legati
1069 2642 1123 2698 pro
1134 2643 1180 2700 pr.
1193 2621 1288 2698 p.4l2
1302 2622 1449 2681 ιι.7-18.

279 2728 534 2783 commentariensis
557 2725 604 2784 vel
626 2730 864 2785 atramentariis
886 2727 1051 2785 consularis
1074 2746 1103 2803 p.
1116 2724 1177 2783 424
1197 2746 1225 2784 n.
1241 2725 1338 2797 1-5;
1361 2725 1449 2801 legati

329 2846 357 2902 p.
374 2826 435 2885 424
457 2848 486 2885 ιι.
503 2826 531 2884 8.
549 2827 576 2886 8.

279 2929 414 2987 librarius
436 2929 604 2988 consularis
625 2950 653 3007 p.
670 2929 730 2991 426
751 2950 779 2990 u.
796 2931 889 2990 1-8.

279 3035 404 3088 amamus
426 3031 516 3108 legati
539 3051 568 3108 p.
585 3033 645 3090 430
667 3052 695 3090 n.
715 3033 741 3091 l.

278 3136 408 3190 notarius
430 3133 521 3210 legati
544 3133 765 3209 (provinciaei)
787 3155 815 3212 p.
832 3136 891 3194 433
914 3156 943 3193 n.
960 3136 1005 3193 10.

279 3246 407 3310 exceptor
428 3235 576 3311 praesidis
598 3256 626 3313 p.
644 3238 715 3310 432,
731 3236 758 3296 2.

278 3347 391 3394 caoctus
412 3338 581 3396 consularis
603 3359 632 3415 p.
649 3340 708 3398 431·
732 3360 760 3398 n.
776 3340 867 3398 1-5.

278 3449 385 3498 strator
405 3440 572 3499 consularis
594 3462 623 3519 p.
637 3440 696 3500 406
718 3463 747 3500 ιι.
763 3432 878 3513 1-18;
900 3441 989 3519 legati
1012 3461 1040 3518 p.
1054 3441 1112 3500 407
1130 3459 1158 3498 n.
1173 3438 1312 3499 19-21.
1328 3438 1376 3497 24.
1394 3437 1448 3511 253

329 3543 532 3620 procuratoris
554 3544 702 3619 praesidis
723 3564 751 3620 p.
768 3544 826 3604 407
850 3566 878 3604 u.
896 3543 1036 3603 28-30.

278 3646 435 3721 singularia
456 3645 623 3704 consularis
645 3666 675 3723 p.
692 3648 749 3706 401
774 3667 802 3706 n.
819 3646 932 3705 1-20.

279 3769 297 3806 a
318 3751 384 3823 ruso
405 3747 546 3825 praefecti
568 3748 748 3826 (Aegyptii)
772 3749 831 3808 vol.
847 3749 896 3807 llI
917 3769 945 3810 n.
963 3749 1012 3808 54.

279 3850 468 3925 beneficiarius
493 3850 583 3927 legati
610 3852 777 3911 consularis
803 3870 832 3927 p.
848 3852 905 3911 381
930 3870 959 3908 n.
978 3852 1030 3922 833
1064 3851 1230 3909 consularis
1257 3869 1284 3925 p.
1302 3847 1358 3907 401
1384 3849 1445 3906 ιι.1

330 3950 378 4009 68.
393 3951 554 4024 64-108;
576 3953 667 4030 legati
689 3972 718 4029 p.
734 3953 794 4012 385
812 3952 1025 4012 ntes-169.
1044 3951 1225 4023 172-1883
1247 3951 1448 4029 procuratoris

329 4054 475 4128 praesidis
498 4073 526 4129 p.
539 4054 598 4114 388
622 4075 650 4112 n.
664 4053 734 4114 216.
748 4055 816 4115 819.
831 4053 900 4115 234.
915 4054 983 4114 836.
999 4053 1068 4113 837.
1083 4053 1156 4127 839;
1179 4054 1327 4131 praesidis
1345 4074 1374 4130 p.
1388 4052 1447 4111 398

330 4176 358 4213 n.
375 4156 444 4215 384.
462 4156 531 4215 388.

281 4261 409 4316 immanis
431 4259 598 4318 consularis
620 4279 649 4336 p.
666 4259 725 4319 409
748 4279 776 4320 u.
792 4260 888 4332 1-6;
911 4261 1001 4338 legati
1023 4281 1052 4338 p.
1069 4259 1128 4318 410
1151 4278 1178 4317 n.
1194 4259 1219 4317 7.
1237 4258 1264 4317 8.

206 4530 227 4592 ¹)
254 4531 329 4592 Quod
353 4533 407 4581 diri
433 4529 591 4583 stamma
609 4535 634 4594 2,
650 4533 702 4583 254
731 4533 907 4584 beneficiarios
932 4535 1083 4585 beneficium
1109 4533 1236 4599 accepisse
1256 4532 1336 4582 videri
1362 4532 1393 4581 ab
1418 4546 1449 4580 eo

127 4624 287 4687 praeposito,
312 4625 379 4688 apud
406 4640 480 4690 quem
505 4639 602 4674 merere
627 4641 654 4674 se
674 4627 834 4690 profitentur,
861 4628 992 4691 redarguit
1011 4627 1110 4677 Plinius
1130 4626 1163 4676 ad
1183 4627 1256 4677 Trai.
1271 4627 1314 4675 22.
1330 4626 1373 4685 87,
1392 4639 1450 4688 pro-

128 4717 239 4764 curatori
260 4716 438 4782 praefectoque
457 4717 634 4766 beneficiarios
654 4724 748 4768 testans
768 4719 897 4784 adsignari
916 4734 932 4768 a
951 4719 1077 4784 praeside.
1106 4719 1229 4769 Beneficii
1241 4718 1392 4767 vocabulum
1412 4717 1449 4765 la-

127 4808 191 4855 tiore
211 4808 398 4871 significatione
418 4816 566 4874 usurpatum
586 4811 698 4860 maxime
717 4818 800 4860 aetate
823 4812 930 4860 meliora
955 4811 986 4860 ci.
1002 4808 1162 4860 senatorem
1180 4807 1223 4872 2²,
1240 4811 1310 4859 1070
1329 4816 1355 4857 et
1373 4808 1449 4858 bene·

128 4899 217 4947 ficiarii
238 4899 282 4964 qni
302 4901 421 4950 dicuntur
439 4918 491 4951 non
511 4903 587 4967 plane
606 4903 734 4968 aequabili
754 4905 877 4954 sermonis
897 4905 954 4968 lege
972 4910 1103 4968 reguntur.
1206 4907 1208 4910 ’

204 4988 227 5050 ²)
254 4993 310 5042 Huc
330 4999 358 5041 ut
375 5008 423 5057 par
442 5001 480 5044 est
499 4995 584 5043 rettuli
603 5008 648 5043 eos
667 5011 768 5061 quoque
788 4998 874 5046 titulos
894 4997 937 5061 qui
962 4997 1073 5060 legatum
1093 4996 1200 5060 legionis
1220 4995 1354 5046 enuntiant
1374 4995 1450 5045 simul

128 5084 275 5148 provincias
293 5085 446 5151 praesidem.
