3474 5812
209 451 282 523 520
776 471 957 524 nouarum

206 649 316 708 tionem
339 645 464 705 duorum
483 646 688 722 Augustorum
711 662 771 704 non
793 654 861 704 ante
882 646 968 704 diros
989 647 1098 707 tratres
1118 646 1248 721 scriptus
1269 662 1336 704 esse
1356 651 1473 721 potest,
1497 646 1539 706 de

206 752 312 810 horum
334 757 432 807 aetate
452 748 616 808 confirmm.
658 747 875 810 Demonstrant
894 749 987 825 igitur
1007 749 1084 808 tituli
1106 748 1136 807 id
1158 748 1270 824 ipsum,
1296 748 1378 823 quod
1399 767 1441 808 ex
1463 747 1540 808 Pto·

205 853 321 913 lemaec
342 850 535 928 collegimus,
560 852 598 910 ab
620 852 757 928 Augusto
784 850 853 909 inde
879 859 958 909 certe
984 849 1023 908 ad
1050 867 1175 928 vergens
1196 849 1346 910 sacculum
1368 851 1536 913 secundum

206 954 316 1014 vallem
337 953 502 1012 Poeninum
524 954 710 1030 procuratori
730 952 855 1012 Raetiae
876 953 1023 1031 paruisse.

289 1054 356 1115 Hoc
379 1075 436 1114 non
458 1074 600 1134 negamus
619 1057 739 1115 testium
762 1063 977 1134 contemptum,
999 1055 1084 1114 cuius
1098 1055 1265 1133 Zippelinm
1286 1072 1371 1114 reum
1391 1055 1536 1129 facimus,

207 1159 396 1236 aliquatenus
426 1176 461 1217 eo
489 1160 643 1230 excusari,
671 1159 753 1236 quod
780 1159 950 1218 testimonia
975 1176 1036 1217 rem
1061 1157 1266 1217 demonstrant
1290 1176 1400 1235 perse
1424 1178 1537 1235 parum

205 1260 403 1339 probabilem;
427 1261 541 1319 scilicet
554 1260 839 1320 administrationem
854 1261 972 1320 civilem
986 1260 1202 1336 militaremque
1217 1260 1340 1319 eandem
1355 1262 1537 1338 pervenisse

206 1383 225 1422 a
246 1361 350 1440 Verey
377 1373 407 1422 et
430 1362 609 1422 Villeneuve
634 1364 671 1421 ud
699 1364 858 1442 Angsburg
883 1374 913 1423 et
938 1363 1135 1440 Regensburg
1163 1362 1282 1440 oppida.
1324 1361 1535 1423 Nihilominus

206 1465 285 1543 quod
298 1465 451 1542 Zippelius
465 1466 605 1544 Angusto
620 1467 821 1543 suppeditavit
836 1466 953 1544 imperii
968 1464 1161 1524 distribuendi
1183 1464 1351 1535 consilium,
1371 1473 1405 1523 nt
1420 1465 1535 1525 vallem

204 1568 368 1626 Poeninum
392 1586 459 1625 cum
480 1566 642 1627 Germania
661 1570 814 1645 superiore
834 1570 1044 1640 contribueret,
1066 1567 1239 1643 imperatori
1261 1566 1291 1625 ni
1312 1567 1403 1626 tallor
1423 1584 1536 1644 parum

206 1671 403 1748 probavisset.
441 1668 563 1731 Scilicet
583 1671 701 1746 imperii
723 1671 870 1730 ordinatio
886 1670 1015 1748 Augusti
1037 1689 1073 1729 eo
1096 1670 1143 1729 vel
1164 1669 1294 1729 maxime
1312 1670 1428 1742 nititur,
1450 1670 1535 1749 quod

205 1773 243 1831 ab
265 1773 354 1832 Italia
374 1791 458 1831 arma
478 1773 619 1844 removit,
646 1791 706 1832 non
728 1775 850 1850 ignarus
875 1773 1014 1833 nimimm
1040 1772 1106 1831 viae
1131 1771 1169 1830 ad
1195 1772 1352 1848 imperium
1372 1782 1534 1848 paternae;

205 1875 307 1952 itaque
334 1876 376 1933 ita
400 1894 462 1933 rem
490 1875 721 1946 administravit,
750 1885 785 1934 ut
809 1876 915 1934 Italiae
940 1874 1094 1953 provincia
1120 1874 1205 1938 nulla
1231 1875 1413 1935 contermina
1437 1884 1536 1947 esset,

205 1996 224 2035 a
249 1978 335 2036 cuius
361 1977 499 2052 praeside
525 1977 584 2035 sibi
610 1977 740 2048 timeret,
769 1979 906 2057 regiones
933 1986 1032 2036 antem
1056 1977 1213 2053 Inalpinae
1240 1995 1306 2035 cum
1328 1977 1419 2036 armis
1441 1979 1535 2054 plane

204 2098 310 2138 vacare
334 2097 393 2137 non
416 2088 555 2157 possent,
583 2098 620 2137 ne
641 2080 780 2138 senatorii
802 2080 920 2156 quidem
943 2079 1057 2139 ordinis
1079 2078 1247 2157 praesidem
1268 2078 1362 2138 ullum
1384 2080 1421 2139 iis
1443 2100 1535 2157 prae·

204 2182 283 2241 fecit.
316 2180 403 2240 Hanc
425 2199 492 2239 esse
514 2181 657 2258 originem
673 2182 892 2258 provinciarum
915 2183 1100 2259 exiguarum,
1123 2200 1199 2258 quae
1221 2200 1240 2238 a
1256 2182 1457 2258 septentrione
1472 2183 1534 2241 lta·

204 2285 274 2342 liam
298 2284 492 2355 circumdant,
518 2284 745 2343 constitutarum
768 2284 823 2342 sub
845 2285 1086 2360 procuratoribus
1108 2284 1316 2361 praesectisve,
1347 2303 1534 2361 quamquam

205 2405 259 2445 nec
280 2386 439 2444 Maecenas
461 2385 546 2444 nobis
570 2404 664 2461 neque
685 2387 822 2465 Agrippa
842 2387 984 2459 samarit,
1007 2387 1201 2445 nibilominus
1223 2393 1411 2458 certumst,
1433 2407 1535 2464 neque

205 2489 357 2565 egregium
379 2488 585 2547 documentum
608 2490 681 2547 artis
703 2489 912 2565 imperatoriae
935 2490 1035 2548 nescio
1057 2489 1165 2565 quibus
1187 2496 1340 2547 auctorum
1362 2488 1438 2547 locis
1462 2491 1533 2548 titu-

203 2589 302 2666 lisque
323 2609 428 2667 parum
451 2598 530 2648 recte
551 2591 709 2649 intellectis
731 2591 805 2668 eripi
827 2592 914 2650 nobis
936 2592 1089 2668 patiemur.

289 2691 349 2752 Sed
371 2691 500 2752 tortasse
522 2693 736 2751 coniunctionis
758 2693 846 2753 vallis
867 2694 1020 2753 Poeninae
1041 2713 1106 2752 cam
1128 2694 1236 2754 Raetia
1257 2702 1412 2771 praeterea
1433 2692 1534 2752 altera

204 2811 296 2852 causa
317 2794 440 2853 accedit.
477 2791 583 2871 Neque
605 2795 683 2852 enim
699 2793 811 2855 Caesar
826 2802 911 2872 pater
932 2797 1015 2855 solus
1037 2796 1101 2866 fuit,
1123 2796 1174 2872 qui
1196 2796 1331 2854 civitates
1353 2793 1440 2855 vallis
1464 2797 1532 2855 eius

204 2896 346 2967 vinceret,
371 2896 424 2955 sed
449 2896 530 2955 filius
556 2914 674 2972 quoque
696 2898 852 2975 Augustus
878 2899 908 2957 in
937 2898 1068 2975 tropaeis
1096 2897 1160 2956 suis
1188 2897 1320 2972 (Plinius
1342 2899 1371 2956 h.
1388 2917 1416 2956 n.
1432 2899 1462 2970 3,
1479 2897 1531 2970 20,

206 2999 264 3057 136
288 3024 325 3048 =
350 2999 407 3055 rol.
422 2997 447 3055 V
464 3018 492 3056 n.
507 2998 601 3074 7817)
623 2999 700 3057 inter
722 3001 848 3077 populos
872 3001 1001 3075 Alpinos
1019 3020 1038 3058 a
1052 3019 1083 3058 se
1095 3000 1227 3059 devictos
1244 2998 1371 3069 Uberes,
1392 2998 1532 3059 Nantua·

203 3110 258 3172 tes,
284 3098 431 3172 sedunus,
451 3100 604 3177 Veragros
627 3101 810 3160 adnumerat.
858 3101 893 3160 Id
916 3102 1159 3179 quandosecerit
1181 3120 1365 3161 cumrerum
1391 3111 1532 3162 auctores

202 3221 262 3260 non
286 3203 474 3274 tradiderint,
501 3202 658 3261 admodum
682 3204 838 3281 probabile
863 3213 909 3261 est
930 3204 1085 3263 Raeticum
1113 3204 1222 3262 bellum
1245 3223 1272 3262 a.
1288 3203 1347 3262 739
1373 3204 1464 3262 etiam
1491 3205 1532 3264 ad

203 3304 313 3363 vallem
336 3305 500 3363 Poeninum
527 3306 715 3381 pertinuisse.
759 3305 794 3363 Id
822 3306 847 3364 si
869 3306 911 3363 ita
931 3306 996 3377 init,
1021 3315 1251 3364 consentaneum
1273 3312 1320 3363 est
1340 3307 1437 3383 legem
1460 3326 1532 3382 pro·

202 3406 317 3464 vinciae
340 3406 565 3465 constituendae
588 3407 808 3483 quodammodo
824 3427 842 3465 a
857 3408 982 3466 victoria
1002 3407 1055 3464 illa
1076 3407 1215 3466 dictatam
1238 3425 1313 3466 esse.
1349 3406 1430 3481 Quid
1446 3409 1531 3484 quod

203 3507 384 3584 Drusomagi
407 3509 508 3587 oppidi
530 3510 707 3567 vocabulum
730 3528 789 3568 non
812 3509 876 3568 sine
899 3510 998 3585 specie
1023 3509 1085 3567 veri
1112 3511 1151 3567 ad
1177 3510 1206 3567 id
1232 3510 1329 3586 ipsum
1352 3508 1461 3567 bellum
1484 3530 1530 3568 re-

202 3610 366 3670 vocabitur.

376 3925 531 4020 XXX.
591 3924 980 4021 COGNOMINA
1010 3922 1353 4021 AFRICANA.

287 4118 396 4189 Nobis,
419 4119 526 4195 quibus
549 4138 608 4177 non
631 4119 755 4178 iuvetis
778 4120 907 4195 quidem,
929 4119 982 4178 sed
1004 4120 1034 4177 in
1053 4118 1201 4192 satisfuit,
1224 4127 1256 4178 ut
1278 4127 1406 4178 aetatem
1428 4121 1532 4198 exige·

201 4240 301 4281 remus
323 4223 354 4280 in
376 4222 508 4297 parando
530 4222 625 4299 magis
646 4239 735 4297 quam
757 4222 868 4279 utendo
891 4231 1036 4298 apparatu
1058 4222 1260 4298 epigrapbico,
1282 4242 1348 4280 cum
1371 4242 1468 4299 nuper
1484 4225 1531 4282 in·

201 4324 276 4382 dicis
299 4324 508 4400 cognominum
532 4324 740 4381 Africanorum
762 4323 939 4382 conficiendi
961 4342 1068 4382 munus
1088 4323 1259 4401 impositum
1286 4332 1375 4395 esset,
1398 4325 1531 4385 admira·

200 4426 312 4484 tionem
335 4425 428 4483 movit
449 4445 552 4483 eorum
575 4424 702 4498 quaein
724 4444 807 4482 -osus
823 4426 870 4484 vel
886 4443 954 4483 -osa
976 4426 1118 4484 finiuntur
1140 4426 1276 4484 condicio
1298 4436 1328 4484 et
1348 4424 1543 4503 proprietam

201 4529 298 4586 Missa
319 4527 446 4585 facimus
469 4535 587 4601 praeter
609 4547 645 4585 ea
666 4545 743 4602 quae
765 4529 952 4604 corruptelae
974 4536 1114 4602 suspecta
1134 4535 1204 4585 sunt
1221 4537 1251 4585 et
1265 4528 1411 4586 adiectiva
1429 4528 1459 4585 in
1475 4548 1530 4587 no·

200 4631 312 4688 minum
335 4629 432 4686 locum
448 4629 614 4704 adsumpta,
631 4637 663 4687 ut
676 4630 780 4704 suntl)
796 4627 964 4697 'flixitioaos
976 4663 1016 4674 —
1027 4630 1205 4689 Fructuosus
1218 4629 1277 4705 (2),
1289 4629 1453 4688 Fructuosc
1468 4631 1529 4707 (2),

201 4734 351 4802 Fructosu,
366 4731 493 4788 Frutosa
515 4765 552 4773 -
579 4731 749 4802 Generosos,
769 4731 912 4790 Generosa
932 4731 981 4808 (2)
1002 4767 1039 4775 -
1060 4731 1245 4802 iGrotiosus
1269 4765 1305 4775 -
1331 4732 1455 4792 Gulosus
1478 4735 1528 4811 (3)

201 4867 238 4876 -
263 4835 437 4908 Ιηιρονίοειιε
461 4867 497 4877 -
521 4834 702 4909 Iupenr'osus,
723 4835 877 4910 Ingeniosa
899 4867 936 4877 -
954 4834 1099 4895 Luctuosa
1120 4869 1161 4878 -
1177 4835 1358 4894 Masculosus
1382 4871 1420 4880 -
1441 4836 1528 4894 Pom·

277 5073 300 5136 ¹)
328 5076 456 5126 Numeros
473 5077 604 5126 titulorum
624 5092 676 5127 non
695 5078 877 5144 adscripsimus
895 5078 1020 5143 petendos
1038 5094 1070 5129 er
1084 5081 1141 5143 ipso
1158 5078 1204 5129 illo
1224 5079 1321 5140 indicc3
1342 5079 1529 5145 adsumpsimus

200 5168 221 5216 si
241 5182 290 5232 qua
309 5169 435 5220 voeabula
453 5170 554 5234 saepius
573 5169 688 5220 redeunt.
718 5171 788 5223 Crux
808 5178 867 5221 ante
885 5186 977 5222 nomen
997 5171 1171 5223 Christianum
1192 5172 1333 5236 distinguit.
