3474 5812
649 503 786 555 uossm
805 503 986 555 1111111011.
1014 503 1141 554 naara.
1509 487 1553 556 61

217 673 349 754 ‘grapho
381 697 409 735 v.
438 677 474 734 cl.
501 676 625 734 Antonii
658 677 807 749 Verautii‚
841 679 921 753 quod
953 695 1045 753 penes
1081 696 1126 734 co.
1156 675 1352 735 Franciscum
1385 677 1558 755 Draganich

220 774 365 840 ‘Sibeniei
400 774 581 837 asservatur‘
591 799 599 848 3
635 783 666 836 in
699 779 832 854 margine
868 780 1001 837 additur:
1039 777 1100 836 ‘ms
1135 798 1195 836 non
1231 788 1295 836 erat
1330 781 1393 836 eius
1429 775 1556 837 manus'.

218 881 255 939 In
281 882 340 939 fine
364 882 460 958 partis
487 880 596 958 prioris
623 880 734 956 legitur
758 877 900 939 ‘Michael
922 881 1081 939 Wrancius
1105 875 1206 938 1532’:
1236 890 1401 956 sequuntur
1429 881 1558 939 disticha

217 982 288 1041 duo.
322 985 351 1041 Α
368 983 517 1040 Mezerzio
540 983 662 1040 veniunt
682 1001 760 1058 quae
783 983 811 1039 in
828 982 973 1041 Fortiana
989 983 1105 1058 sylloge
1122 1001 1262 1041 numeros
1278 983 1388 1041 habent
1403 1004 1430 1041 n.
1447 985 1556 1043 1-85.

220 1083 406 1155 roa-1473
435 1103 504 1143 nam
532 1105 559 1142 n.
579 1083 637 1142 102
664 1085 693 1142 iu
722 1085 823 1143 codice
843 1083 978 1143 Verautii
1006 1085 1148 1161 scriptum
1177 1085 1269 1144 fuisse
1294 1096 1364 1161 post
1386 1106 1414 1143 11.
1432 1087 1470 1145 85
1493 1087 1557 1163 ipse

220 1185 325 1244 Fortis
346 1186 396 1244 ait.
439 1185 621 1263 Exemplum
643 1186 700 1243 hoc
722 1187 859 1263 proxime
886 1187 999 1244 accedit
1020 1187 1058 1243 ad
1080 1186 1224 1261 optimum
1242 1186 1434 1258 Vaticanum,
1460 1188 1490 1245 in
1511 1188 1556 1244 lo·

217 1307 323 1346 corum
350 1289 530 1347 indicatione
557 1288 595 1346 ad
622 1289 744 1346 verbum
768 1289 830 1346 fere
853 1308 918 1346 eum
942 1308 977 1345 eo
1001 1289 1202 1357 consentiens,
1230 1288 1378 1364 habetque
1401 1297 1557 1364 praeterea

217 1408 256 1447 ea
281 1407 399 1466 quoque
421 1409 498 1466 quae
522 1392 553 1449 in
568 1390 714 1448 Vaticano
738 1390 887 1463 deficiunt,
913 1400 945 1448 ut
966 1391 1158 1448 confirmetur
1180 1391 1248 1447 inde
1270 1392 1350 1465 quod
1372 1392 1443 1448 olim
1468 1393 1556 1466 posui

217 1493 425 1550 Mezerzianac
457 1491 592 1568 syllegae
624 1493 759 1551 codicem
782 1491 996 1550 Verautianum
1029 1492 1223 1568 archetypum
1252 1492 1344 1550 luisse
1373 1493 1555 1568 reliquorum

218 1594 361 1652 omnium.
406 1591 466 1652 Sed
486 1606 586 1653 tamen
609 1613 669 1652 non
691 1595 785 1653 multa
807 1615 845 1652 ex
867 1614 903 1652 eo
926 1572 1300 1663 novaaccedunt‚i1ihis
1323 1594 1494 1672 adscriptus
1517 1595 1555 1652 ad

217 1715 247 1753 n.
267 1695 346 1755 1395
370 1696 434 1754 dies
456 1696 473 1753 7
497 1694 579 1771 Sept.
600 1697 694 1768 1495,
721 1696 799 1755 unde
827 1696 1010 1773 intellegitur
1035 1696 1093 1754 iam
1123 1703 1184 1754 tum
1212 1696 1390 1754 Mezerzium
1418 1696 1554 1773 syllogen

217 1798 389 1857 incohatam
416 1799 566 1858 habuisse.
610 1799 735 1857 Variam
765 1799 920 1857 lectionem
944 1802 1048 1874 paucis
1072 1797 1146 1856 locis
1168 1799 1297 1857 enotavi.
1340 1798 1427 1858 Unus
1449 1799 1553 1857 titulus

216 1921 246 1958 n.
264 1900 332 1971 133,
354 1900 441 1959 nobis
464 1901 542 1959 infra
565 1899 679 1970 1161,
701 1900 799 1958 adhuc
821 1901 940 1976 ignotus
962 1908 1017 1972 est,
1042 1901 1100 1957 nisi
1122 1900 1148 1958 is
1172 1918 1291 1976 quoque
1307 1901 1403 1978 magis
1425 1903 1554 1978 pertinet

218 2002 258 2059 ad
279 2003 483 2061 additamenta
496 2003 689 2061 Verautiana.

261 2103 288 2160 2.
333 2103 419 2179 Quae
448 2107 477 2162 in
505 2105 610 2163 eadem
638 2103 754 2180 sylloge
782 2115 947 2180 sequuntur
978 2104 1034 2162 sub
1063 2105 1194 2163 numeris
1221 2103 1403 2175 lla-172,
1431 2125 1466 2162 ea
1494 2125 1552 2164 non

216 2206 357 2265 Mezerzii
383 2224 450 2266 esse
476 2225 542 2264 cum
569 2226 609 2265 ex
634 2205 759 2283 reliquis
787 2206 933 2282 exemplis
960 2206 1156 2264 Mezerzianis
1183 2206 1366 2283 intellegitur
1392 2213 1454 2264 tum
1483 2207 1552 2265 inde

215 2310 298 2384 quod
324 2309 371 2367 bic
397 2308 434 2367 de
461 2326 494 2367 se
520 2307 667 2367 interdum
694 2307 826 2383 loquitur
844 2307 1045 2380 Vsanarrrs,
1075 2318 1106 2366 ut
1134 2309 1170 2366 ad
1199 2328 1226 2366 11.
1246 2308 1304 2367 156
1332 2309 1467 2367 adnotat:
1496 2305 1552 2367 ‘me

216 2411 337 2470 ridente
352 2405 483 2469 erutum’.
527 2410 612 2469 Haec
632 2411 724 2486 igitur
746 2410 840 2487 ipsius
857 2409 992 2467 Verautii
1009 2419 1078 2468 sunt
1099 2410 1251 2486 adscripta
1272 2411 1309 2468 ab
1332 2429 1367 2467 eo
1391 2411 1497 2486 opinor
1513 2412 1552 2468 ad

216 2512 349 2571 codicem
377 2530 466 2589 quem
492 2512 623 2572 habebat
649 2512 917 2582 Mezerzianorum,
946 2520 978 2570 ut
1005 2512 1086 2570 nulla
1112 2512 1170 2569 nisi
1196 2512 1312 2570 Dacica
1336 2513 1552 2589 epigrammata

215 2614 249 2672 in
275 2633 343 2672 eum
369 2614 479 2672 librum
500 2614 631 2672 referret.
676 2612 812 2672 Verautii
835 2614 924 2672 etiam
947 2621 1016 2672 sunt
1037 2614 1099 2671 fere
1122 2632 1198 2689 quae
1221 2614 1251 2671 in
1274 2613 1392 2689 sylloge
1414 2615 1552 2690 leguntur

214 2717 273 2774 sub
295 2737 323 2774 n.
340 2715 495 2787 86-101,
517 2716 624 2792 quibus
648 2716 863 2791 praescribitur
883 2713 990 2791 ‘ipsius
1007 2710 1164 2786 Verantii’‚
1191 2723 1221 2772 et
1243 2713 1462 2788 11173-213,
1485 2718 1550 2792 qui·

214 2818 273 2876 bus
300 2818 478 2894 inscriptum
505 2828 549 2877 est
573 2813 797 2894 ‘inscriptiones
823 2827 938 2877 veteres
965 2817 1131 2892 descriptae
1152 2837 1191 2874 ex
1213 2818 1331 2876 schedis
1354 2817 1549 2893 originalibus

213 2920 342 2978 Antonii
357 2915 513 2991 Verautii';
535 2921 610 2978 haec
631 2928 729 2978 autem
751 2939 810 2978 non
833 2939 871 2977 ex
893 2919 993 2977 codice
1016 2919 1069 2975 illo
1092 2928 1212 2996 sumpta
1233 2930 1311 2989 suut,
1335 2918 1388 2977 sed
1408 2939 1446 2977 ex
1466 2921 1549 2978 schc-

212 3020 263 3079 dis
290 3021 408 3091 solutis,
435 3040 561 3099 quarum
588 3021 662 3081 adeo
689 3022 851 3097 pleraeque
878 3022 963 3098 ipsae
993 3040 1053 3079 una
1079 3040 1146 3078 cum
1173 3021 1321 3097 exemplis
1348 3021 1410 3079 illis
1437 3022 1475 3079 ad
1502 3041 1550 3080 me

211 3123 412 3183 transmissae
439 3132 517 3182 sunt.
560 3123 645 3182 Haec
672 3122 892 3183 schediasmate
917 3142 983 3181 cum
1012 3124 1130 3181 nomine
1145 3123 1280 3182 Verautii
1309 3124 1494 3199 praescripto
1520 3134 1550 3182 et

211 3225 282 3302 ipsa
304 3245 342 3283 ex
363 3235 448 3302 parte
469 3227 582 3284 maiore
605 3223 720 3284 Dacica
741 3227 903 3294 continent,
925 3225 1055 3284 maxime
1078 3224 1245 3301 Apulensia
1267 3224 1367 3298 (adest
1388 3224 1547 3284 fasciculus

209 3327 368 3386 titulorum
395 3345 431 3385 eo
457 3335 590 3403 tempore
612 3328 710 3386 Albae
732 3329 828 3386 Iuliae
850 3329 880 3386 in
903 3327 973 3385 aula
994 3327 1138 3403 principis
1162 3327 1388 3385 adservatorum
1410 3328 1549 3404 exempla

211 3429 374 3506 diligenter
393 3429 473 3487 facta
494 3430 664 3503 continens,
691 3432 760 3488 item
784 3429 860 3487 11111
882 3448 940 3505 quo
963 3429 1154 3487 continentur
1175 3429 1391 3505 epigrammata
1410 3430 1548 3506 dispersa

212 3549 270 3607 per
291 3531 404 3608 oppida
423 3530 482 3590 duo
502 3533 611 3592 Albam
635 3541 665 3590 et
683 3530 918 3608 Klausenburg),
941 3540 970 3590 et
991 3531 1106 3606 aliquot
1128 3531 1344 3608 epigrammata
1365 3541 1424 3590 tam
1447 3533 1476 3590 in
1499 3533 1546 3592 his

211 3632 403 3711 reperiuntur
424 3652 513 3709 quam
535 3635 567 3692 111
588 3633 704 3709 sylloge
719 3633 925 3692 Mezerzianae
947 3634 1106 3692 subiuncta
1127 3632 1271 3708 exemplis
1293 3650 1383 3709 saepe
1405 3633 1546 3705 diversis3

211 3734 267 3793 sed
288 3735 393 3794 insunt
411 3745 568 3812 praeterea
588 3735 677 3792 etiam
700 3735 888 3807 Pannonica,
915 3735 1030 3794 scilicet
1052 3735 1249 3796 Scarbantina
1271 3735 1417 3810 quaedam
1440 3743 1470 3793 et
1492 3734 1546 3795 Sa·

209 3836 372 3896 variensia
414 3835 548 3913 Utraque
561 3835 695 3895 Verautii
718 3837 899 3896 collectanea
920 3837 989 3895 licet
1010 3857 1114 3914 parum
1137 3837 1274 3895 ordinata
1296 3837 1457 3895 utilissima
1478 3848 1547 3896 sunt

210 3958 268 3998 nec
289 3956 402 4016 paucos
424 3939 527 3998 titulos
549 3948 601 3997 aut
621 3941 739 4016 egregie
760 3938 957 3998 emendarunt
978 3947 1029 3997 aut
1050 3939 1115 3997 sola
1138 3948 1345 4011 servaverunt,
1370 3955 1445 4014 quos
1468 3939 1547 3996 infra

210 4042 444 4117 composuimus.
496 4041 585 4115 Quod
618 4041 655 4099 ad
684 4050 800 4117 tempus
830 4040 951 4113 attinet,
986 4042 1061 4099 vixit
1088 4040 1249 4099 Verautius
1280 4041 1317 4098 ab
1347 4061 1372 4098 a.
1399 4040 1477 4099 1504
1507 4041 1545 4097 ad

211 4163 239 4201 a.
260 4143 337 4201 1573
361 4143 434 4218 (vol.
451 4141 500 4200 III
522 4162 551 4219 p.
571 4143 651 4218 154).
696 4143 731 4200 In
760 4144 877 4202 schedis
900 4147 969 4202 anni
992 4143 1066 4201 nulli
1089 4143 1221 4200 adnotati
1246 4153 1316 4200 sunt
1335 4151 1544 4219 praeterquam

212 4245 295 4320 quod
320 4245 351 4302 in
377 4244 466 4316 folio,
493 4244 522 4300 in
551 4262 610 4319 quo
632 4243 741 4321 legitur
761 4245 841 4302 falsa
863 4245 908 4302 lll
932 4266 960 4303 n.
978 4244 1035 4301 22*
1057 4244 1136 4302 edita
1159 4246 1287 4320 primum
1311 4262 1337 4300 1.
1357 4243 1446 4314 1547,
1473 4244 1544 4302 item

209 4347 354 4423 scriptum
381 4356 429 4404 est
453 4365 542 4404 manu
560 4345 707 4403 Verantii:
728 4342 770 4405 ‘5.
786 4346 833 4403 die
857 4344 1041 4422 Septembris
1067 4345 1145 4404 1545
1173 4345 1301 4403 discessi
1324 4343 1469 4404 Sebenico
1486 4345 1544 4403 Vc-

207 4448 306 4507 netias
329 4466 394 4506 cum
417 4447 518 4525 pueris
541 4447 651 4518 tribus;
674 4447 721 4505 20.
745 4449 865 4524 perveni
882 4442 1042 4506 Venetias’.
1087 4447 1134 4505 De
1156 4448 1264 4532 itinere
1283 4449 1348 4506 eius
1372 4446 1459 4504 Buda
1481 4446 1543 4504 Ha·

206 4549 408 4626 drianopolim
434 4569 461 4607 a.
480 4550 572 4621 1553,
600 4551 684 4608 cuius
710 4551 928 4609 enarrationem
955 4549 1047 4609 edidit
1072 4549 1189 4622 Fortis,
1217 4549 1287 4609 alibi
1314 4550 1377 4606 dixi
1405 4548 1477 4624 (vol.
1494 4548 1542 4605 lll

205 4670 234 4726 p.
251 4651 296 4725 4).

250 4754 277 4809 3.
322 4753 472 4812 Marulina
503 4771 621 4829 quoque
649 4753 750 4812 Fortis
784 4756 811 4812 ei
844 4756 895 4830 qui
924 4754 1032 4814 librum
1061 4755 1183 4831 scripsit
1211 4752 1407 4812 describenda
1435 4753 1543 4812 obtulit

203 4863 347 4929 extatque
374 4873 474 4912 eorum
503 4856 631 4930 epitome
657 4857 829 4932 imperfecta
857 4857 933 4915 inter
956 4857 1083 4915 schedas
1106 4856 1178 4914 milri
1203 4856 1321 4914 missas.
1365 4854 1440 4912 Eam
1464 4856 1542 4912 utili-

203 4963 297 5013 tatem
330 4974 389 5013 non
424 4956 534 5014 habere
570 4957 752 5032 intellegitur
785 4978 823 5015 ex
860 4959 896 5016 iis
930 4978 1008 5034 quae
1042 4959 1099 5016 vol.
1124 4957 1168 5015 Ill
1201 4978 1230 5034 p.
1258 4956 1317 5012 274
1351 4956 1387 5012 de
1423 4957 1540 5014 Marulo

199 5075 337 5134 exposui.
